{
  "ticker": "CAV",
  "data": [
    {
      "quarter": "Q1 2017",
      "income status": {
        "Net sales": 1339992,
        "Cost of goods sold": 1197015,
        "Gross Profit": 142976,
        "Financial expenses": 12405,
        "Of which: Interest expense": 6558,
        "Cost of sales": 12682,
        "Enterprise cost management": 29884,
        "Total Operating Expenses": 54971,
        "Total revenue financing activities": 1827,
        "Net profit from business activities": 89832,
        "Profit": 414,
        "Profit before tax": 90246,
        "Present corporate income tax expenses": 17391,
        "Deferred income taxes expenses": 471,
        "The interests of minority shareholders": "N/A",
        "Total Cost of profits": 17862,
        "Profit after tax corporate income": 72385,
        "Volume": 57600000,
        "Close of Quarter": 60.5,
        "EPS": 4574,
        "Non-adjusted EPS": 4574,
        "PE": 13.2,
        "Book Price": 24.1
      }
    },
    {
      "quarter": "Q4 2016",
      "income status": {
        "Net sales": 1433890,
        "Cost of goods sold": 1294407,
        "Gross Profit": 139482,
        "Financial expenses": 16361,
        "Of which: Interest expense": 6655,
        "Cost of sales": 21258,
        "Enterprise cost management": 27274,
        "Total Operating Expenses": 64893,
        "Total revenue financing activities": 2437,
        "Net profit from business activities": 77027,
        "Profit": -15735,
        "Profit before tax": 61291,
        "Present corporate income tax expenses": 16638,
        "Deferred income taxes expenses": -216,
        "The interests of minority shareholders": "N/A",
        "Total Cost of profits": 16422,
        "Profit after tax corporate income": 44868,
        "Volume": 57600000,
        "Close of Quarter": 54.7,
        "EPS": 4161,
        "Non-adjusted EPS": 4161,
        "PE": 13.1,
        "Book Price": 13
      }
    },
    {
      "quarter": "Q3 2016",
      "income status": {
        "Net sales": 1481108,
        "Cost of goods sold": 1323444,
        "Gross Profit": 157665,
        "Financial expenses": 12218,
        "Of which: Interest expense": 5906,
        "Cost of sales": 24278,
        "Enterprise cost management": 31372,
        "Total Operating Expenses": 67868,
        "Total revenue financing activities": 892,
        "Net profit from business activities": 90688,
        "Profit": 331,
        "Profit before tax": 91019,
        "Present corporate income tax expenses": 18434,
        "Deferred income taxes expenses": -359,
        "The interests of minority shareholders": "N/A",
        "Total Cost of profits": 18075,
        "Profit after tax corporate income": 72944,
        "Volume": 57600000,
        "Close of Quarter": 56.9,
        "EPS": 4188,
        "Non-adjusted EPS": 4188,
        "PE": 13.6,
        "Book Price": 12.5
      }
    },
    {
      "quarter": "Q2 2016",
      "income status": {
        "Net sales": 1480114,
        "Cost of goods sold": 1337194,
        "Gross Profit": 142919,
        "Financial expenses": 12378,
        "Of which: Interest expense": 6066,
        "Cost of sales": 16771,
        "Enterprise cost management": 23943,
        "Total Operating Expenses": 53092,
        "Total revenue financing activities": 1747,
        "Net profit from business activities": 91574,
        "Profit": -406,
        "Profit before tax": 91168,
        "Present corporate income tax expenses": 17138,
        "Deferred income taxes expenses": 777,
        "The interests of minority shareholders": "N/A",
        "Total Cost of profits": 17915,
        "Profit after tax corporate income": 73254,
        "Volume": 57600000,
        "Close of Quarter": 56.9,
        "EPS": 3691,
        "Non-adjusted EPS": 3691,
        "PE": 15.4,
        "Book Price": 11.2
      }
    },
    {
      "quarter": "Q1 2016",
      "income status": {
        "Net sales": 1235939,
        "Cost of goods sold": 1115509,
        "Gross Profit": 120431,
        "Financial expenses": 10561,
        "Of which: Interest expense": 4714,
        "Cost of sales": 21945,
        "Enterprise cost management": 28115,
        "Total Operating Expenses": 60621,
        "Total revenue financing activities": 1163,
        "Net profit from business activities": 60974,
        "Profit": 83,
        "Profit before tax": 61057,
        "Present corporate income tax expenses": 12472,
        "Deferred income taxes expenses": -20,
        "The interests of minority shareholders": "N/A",
        "Total Cost of profits": 12452,
        "Profit after tax corporate income": 48605,
        "Volume": 57600000,
        "Close of Quarter": 41.6,
        "EPS": 3326,
        "Non-adjusted EPS": 3326,
        "PE": 12.5,
        "Book Price": 9.9
      }
    },
    {
      "quarter": "Q4 2015",
      "income status": {
        "Net sales": 1376083,
        "Cost of goods sold": 1207898,
        "Gross Profit": 168186,
        "Financial expenses": 13066,
        "Of which: Interest expense": 768,
        "Cost of sales": 37676,
        "Enterprise cost management": 57213,
        "Total Operating Expenses": 107955,
        "Total revenue financing activities": 1569,
        "Net profit from business activities": 61799,
        "Profit": 602,
        "Profit before tax": 62400,
        "Present corporate income tax expenses": 16789,
        "Deferred income taxes expenses": -803,
        "The interests of minority shareholders": "N/A",
        "Total Cost of profits": 15986,
        "Profit after tax corporate income": 46415,
        "Volume": 28800000,
        "Close of Quarter": 28.0,
        "EPS": 2936.5,
        "Non-adjusted EPS": 5873,
        "PE": 4.8,
        "Book Price": 11.1
      }
    },
    {
      "quarter": "Q3 2015",
      "income status": {
        "Net sales": 1755892,
        "Cost of goods sold": 1625915,
        "Gross Profit": 129977,
        "Financial expenses": 14608,
        "Of which: Interest expense": 5567,
        "Cost of sales": 16762,
        "Enterprise cost management": 43529,
        "Total Operating Expenses": 74899,
        "Total revenue financing activities": 1125,
        "Net profit from business activities": 56203,
        "Profit": 589,
        "Profit before tax": 56792,
        "Present corporate income tax expenses": 12489,
        "Deferred income taxes expenses": "N/A",
        "The interests of minority shareholders": "N/A",
        "Total Cost of profits": 12489,
        "Profit after tax corporate income": 44303,
        "Volume": 28800000,
        "Close of Quarter": 22.4,
        "EPS": 2814,
        "Non-adjusted EPS": 5628,
        "PE": 4.0,
        "Book Price": 10.3
      }
    },
    {
      "quarter": "Q2 2015",
      "income status": {
        "Net sales": 1323234,
        "Cost of goods sold": 1215834,
        "Gross Profit": 107400,
        "Financial expenses": 12641,
        "Of which: Interest expense": 11934,
        "Cost of sales": 6303,
        "Enterprise cost management": 32823,
        "Total Operating Expenses": 51767,
        "Total revenue financing activities": 3110,
        "Net profit from business activities": 58744,
        "Profit": 838,
        "Profit before tax": 59582,
        "Present corporate income tax expenses": 6364,
        "Deferred income taxes expenses": 989,
        "The interests of minority shareholders": "N/A",
        "Total Cost of profits": 7353,
        "Profit after tax corporate income": 52229,
        "Volume": 28800000,
        "Close of Quarter": 19.4,
        "EPS": 2561.5,
        "Non-adjusted EPS": 5123,
        "PE": 3.8,
        "Book Price": 9.5
      }
    },
    {
      "quarter": "Q1 2015",
      "income status": {
        "Net sales": 1212635,
        "Cost of goods sold": 1126727,
        "Gross Profit": 85907,
        "Financial expenses": 10856,
        "Of which: Interest expense": 5439,
        "Cost of sales": 9837,
        "Enterprise cost management": 25316,
        "Total Operating Expenses": 46009,
        "Total revenue financing activities": 567,
        "Net profit from business activities": 40465,
        "Profit": 159,
        "Profit before tax": 40624,
        "Present corporate income tax expenses": 14631,
        "Deferred income taxes expenses": -190,
        "The interests of minority shareholders": "N/A",
        "Total Cost of profits": 14441,
        "Profit after tax corporate income": 26184,
        "Volume": 28800000,
        "Close of Quarter": 20.0,
        "EPS": 2316,
        "Non-adjusted EPS": 4632,
        "PE": 4.3,
        "Book Price": 10.3
      }
    },
    {
      "quarter": "Q4 2014",
      "income status": {
        "Net sales": 1366659,
        "Cost of goods sold": 1222757,
        "Gross Profit": 143902,
        "Financial expenses": 13638,
        "Of which: Interest expense": 7949,
        "Cost of sales": 39616,
        "Enterprise cost management": 46806,
        "Total Operating Expenses": 100060,
        "Total revenue financing activities": 1330,
        "Net profit from business activities": 45172,
        "Profit": 2278,
        "Profit before tax": 47450,
        "Present corporate income tax expenses": 7835,
        "Deferred income taxes expenses": 245,
        "The interests of minority shareholders": "N/A",
        "Total Cost of profits": 8080,
        "Profit after tax corporate income": 39371,
        "Volume": 28800000,
        "Close of Quarter": 19.7,
        "EPS": 2302,
        "Non-adjusted EPS": 4604,
        "PE": 4.3,
        "Book Price": 10
      }
    },
    {
      "quarter": "Q3 2014",
      "income status": {
        "Net sales": 1101244,
        "Cost of goods sold": 1009972,
        "Gross Profit": 91271,
        "Financial expenses": 14202,
        "Of which: Interest expense": 8251,
        "Cost of sales": 7682,
        "Enterprise cost management": 33192,
        "Total Operating Expenses": 55076,
        "Total revenue financing activities": 1128,
        "Net profit from business activities": 37324,
        "Profit": 844,
        "Profit before tax": 38168,
        "Present corporate income tax expenses": 8417,
        "Deferred income taxes expenses": -10,
        "The interests of minority shareholders": "N/A",
        "Total Cost of profits": 8407,
        "Profit after tax corporate income": 29761,
        "Volume": 28800000,
        "Close of Quarter": "N/A",
        "EPS": 2429,
        "Non-adjusted EPS": 4858,
        "PE": "N/A",
        "Book Price": 9.3
      }
    },
    {
      "quarter": "Q2 2014",
      "income status": {
        "Net sales": 1668620,
        "Cost of goods sold": 1556013,
        "Gross Profit": 112607,
        "Financial expenses": 15874,
        "Of which: Interest expense": 8183,
        "Cost of sales": 24341,
        "Enterprise cost management": 28973,
        "Total Operating Expenses": 69188,
        "Total revenue financing activities": 3440,
        "Net profit from business activities": 46859,
        "Profit": 1498,
        "Profit before tax": 48357,
        "Present corporate income tax expenses": 10344,
        "Deferred income taxes expenses": -59,
        "The interests of minority shareholders": "N/A",
        "Total Cost of profits": 10285,
        "Profit after tax corporate income": 38072,
        "Volume": 28800000,
        "Close of Quarter": "N/A",
        "EPS": 2424.5,
        "Non-adjusted EPS": 4849,
        "PE": "N/A",
        "Book Price": 8.8
      }
    },
    {
      "quarter": "Q1 2014",
      "income status": {
        "Net sales": 1257862,
        "Cost of goods sold": 1188808,
        "Gross Profit": 69055,
        "Financial expenses": 13047,
        "Of which: Interest expense": 8107,
        "Cost of sales": 7179,
        "Enterprise cost management": 16881,
        "Total Operating Expenses": 37107,
        "Total revenue financing activities": 561,
        "Net profit from business activities": 32508,
        "Profit": 27,
        "Profit before tax": 32535,
        "Present corporate income tax expenses": 7123,
        "Deferred income taxes expenses": 35,
        "The interests of minority shareholders": "N/A",
        "Total Cost of profits": 7158,
        "Profit after tax corporate income": 25377,
        "Volume": 28800000,
        "Close of Quarter": "N/A",
        "EPS": 1763.5,
        "Non-adjusted EPS": 3527,
        "PE": "N/A",
        "Book Price": 9.9
      }
    },
    {
      "quarter": "Q4 2013",
      "income status": {
        "Net sales": 1145267,
        "Cost of goods sold": 990202,
        "Gross Profit": 155065,
        "Financial expenses": 20517,
        "Of which: Interest expense": 10973,
        "Cost of sales": 35021,
        "Enterprise cost management": 38525,
        "Total Operating Expenses": 94063,
        "Total revenue financing activities": 536,
        "Net profit from business activities": 61539,
        "Profit": 1414,
        "Profit before tax": 62953,
        "Present corporate income tax expenses": 14645,
        "Deferred income taxes expenses": 1620,
        "The interests of minority shareholders": "N/A",
        "Total Cost of profits": 16265,
        "Profit after tax corporate income": 46688,
        "Volume": 28800000,
        "Close of Quarter": "N/A",
        "EPS": 1323,
        "Non-adjusted EPS": 2646,
        "PE": "N/A",
        "Book Price": 9.5
      }
    },
    {
      "quarter": "Q3 2013",
      "income status": {
        "Net sales": 1266436,
        "Cost of goods sold": 1156231,
        "Gross Profit": 110206,
        "Financial expenses": 18182,
        "Of which: Interest expense": 11599,
        "Cost of sales": 17872,
        "Enterprise cost management": 37100,
        "Total Operating Expenses": 73154,
        "Total revenue financing activities": 143,
        "Net profit from business activities": 37195,
        "Profit": 2146,
        "Profit before tax": 39341,
        "Present corporate income tax expenses": 10009,
        "Deferred income taxes expenses": -173,
        "The interests of minority shareholders": "N/A",
        "Total Cost of profits": 9836,
        "Profit after tax corporate income": 29506,
        "Volume": 28800000,
        "Close of Quarter": "N/A",
        "EPS": 512.5,
        "Non-adjusted EPS": 1025,
        "PE": "N/A",
        "Book Price": 7.6
      }
    }
  ]
}