{
  "ticker": "NBP",
  "data": [
    {
      "quarter": "Q1 2017",
      "income status": {
        "Net sales": 158737,
        "Cost of goods sold": 147622,
        "Gross Profit": 11115,
        "Financial expenses": "N/A",
        "Of which: Interest expense": "N/A",
        "Cost of sales": 13,
        "Enterprise cost management": 9863,
        "Total Operating Expenses": 9876,
        "Total revenue financing activities": 453,
        "Net profit from business activities": 1692,
        "Profit": 41,
        "Profit before tax": 1733,
        "Present corporate income tax expenses": 359,
        "Deferred income taxes expenses": "N/A",
        "The interests of minority shareholders": "N/A",
        "Total Cost of profits": 359,
        "Profit after tax corporate income": 1373,
        "Volume": 12865500,
        "Close of Quarter": 13.6,
        "EPS": 706,
        "Non-adjusted EPS": 706,
        "PE": 19.3,
        "Book Price": 20.2
      }
    },
    {
      "quarter": "Q4 2016",
      "income status": {
        "Net sales": 160654,
        "Cost of goods sold": 157424,
        "Gross Profit": 3230,
        "Financial expenses": "N/A",
        "Of which: Interest expense": "N/A",
        "Cost of sales": 3,
        "Enterprise cost management": 12586,
        "Total Operating Expenses": 12589,
        "Total revenue financing activities": 693,
        "Net profit from business activities": -8666,
        "Profit": 29,
        "Profit before tax": -8637,
        "Present corporate income tax expenses": -1830,
        "Deferred income taxes expenses": "N/A",
        "The interests of minority shareholders": "N/A",
        "Total Cost of profits": -1830,
        "Profit after tax corporate income": -6807,
        "Volume": 12865500,
        "Close of Quarter": 16.1,
        "EPS": 1428,
        "Non-adjusted EPS": 1428,
        "PE": 11.3,
        "Book Price": 20.1
      }
    },
    {
      "quarter": "Q3 2016",
      "income status": {
        "Net sales": 151322,
        "Cost of goods sold": 131643,
        "Gross Profit": 19680,
        "Financial expenses": "N/A",
        "Of which: Interest expense": "N/A",
        "Cost of sales": 53,
        "Enterprise cost management": 9133,
        "Total Operating Expenses": 9186,
        "Total revenue financing activities": 171,
        "Net profit from business activities": 10665,
        "Profit": 61,
        "Profit before tax": 10726,
        "Present corporate income tax expenses": 2157,
        "Deferred income taxes expenses": "N/A",
        "The interests of minority shareholders": "N/A",
        "Total Cost of profits": 2157,
        "Profit after tax corporate income": 8568,
        "Volume": 12865500,
        "Close of Quarter": 16.4,
        "EPS": 2147,
        "Non-adjusted EPS": 2147,
        "PE": 7.7,
        "Book Price": 20.6
      }
    },
    {
      "quarter": "Q2 2016",
      "income status": {
        "Net sales": 172831,
        "Cost of goods sold": 152902,
        "Gross Profit": 19929,
        "Financial expenses": "N/A",
        "Of which: Interest expense": "N/A",
        "Cost of sales": 67,
        "Enterprise cost management": 12786,
        "Total Operating Expenses": 12853,
        "Total revenue financing activities": 104,
        "Net profit from business activities": 7180,
        "Profit": 279,
        "Profit before tax": 7459,
        "Present corporate income tax expenses": 1504,
        "Deferred income taxes expenses": "N/A",
        "The interests of minority shareholders": "N/A",
        "Total Cost of profits": 1504,
        "Profit after tax corporate income": 5955,
        "Volume": 12865500,
        "Close of Quarter": 16.9,
        "EPS": 1744,
        "Non-adjusted EPS": 1744,
        "PE": 9.7,
        "Book Price": 20
      }
    },
    {
      "quarter": "Q1 2016",
      "income status": {
        "Net sales": 179988,
        "Cost of goods sold": 158731,
        "Gross Profit": 21257,
        "Financial expenses": "N/A",
        "Of which: Interest expense": "N/A",
        "Cost of sales": 64,
        "Enterprise cost management": 8129,
        "Total Operating Expenses": 8193,
        "Total revenue financing activities": 349,
        "Net profit from business activities": 13413,
        "Profit": -18,
        "Profit before tax": 13395,
        "Present corporate income tax expenses": 2734,
        "Deferred income taxes expenses": "N/A",
        "The interests of minority shareholders": "N/A",
        "Total Cost of profits": 2734,
        "Profit after tax corporate income": 10661,
        "Volume": 12865500,
        "Close of Quarter": 16.7,
        "EPS": 1635,
        "Non-adjusted EPS": 1635,
        "PE": 10.2,
        "Book Price": 21.8
      }
    },
    {
      "quarter": "Q4 2015",
      "income status": {
        "Net sales": 145810,
        "Cost of goods sold": 121391,
        "Gross Profit": 24419,
        "Financial expenses": "N/A",
        "Of which: Interest expense": "N/A",
        "Cost of sales": 269,
        "Enterprise cost management": 21739,
        "Total Operating Expenses": 22008,
        "Total revenue financing activities": 574,
        "Net profit from business activities": 2986,
        "Profit": 65,
        "Profit before tax": 3051,
        "Present corporate income tax expenses": 608,
        "Deferred income taxes expenses": "N/A",
        "The interests of minority shareholders": "N/A",
        "Total Cost of profits": 608,
        "Profit after tax corporate income": 2443,
        "Volume": 12865500,
        "Close of Quarter": 12.8,
        "EPS": 863,
        "Non-adjusted EPS": 863,
        "PE": 14.8,
        "Book Price": 18
      }
    },
    {
      "quarter": "Q3 2015",
      "income status": {
        "Net sales": 175695,
        "Cost of goods sold": 162442,
        "Gross Profit": 13253,
        "Financial expenses": "N/A",
        "Of which: Interest expense": "N/A",
        "Cost of sales": 182,
        "Enterprise cost management": 9820,
        "Total Operating Expenses": 10002,
        "Total revenue financing activities": 749,
        "Net profit from business activities": 3999,
        "Profit": 220,
        "Profit before tax": 4219,
        "Present corporate income tax expenses": 847,
        "Deferred income taxes expenses": "N/A",
        "The interests of minority shareholders": "N/A",
        "Total Cost of profits": 847,
        "Profit after tax corporate income": 3372,
        "Volume": 12865500,
        "Close of Quarter": 11.5,
        "EPS": 2216,
        "Non-adjusted EPS": 2216,
        "PE": 5.2,
        "Book Price": 17.8
      }
    },
    {
      "quarter": "Q2 2015",
      "income status": {
        "Net sales": 205537,
        "Cost of goods sold": 189305,
        "Gross Profit": 16232,
        "Financial expenses": "N/A",
        "Of which: Interest expense": "N/A",
        "Cost of sales": 68,
        "Enterprise cost management": 10500,
        "Total Operating Expenses": 10568,
        "Total revenue financing activities": 112,
        "Net profit from business activities": 5775,
        "Profit": 89,
        "Profit before tax": 5865,
        "Present corporate income tax expenses": 1301,
        "Deferred income taxes expenses": "N/A",
        "The interests of minority shareholders": "N/A",
        "Total Cost of profits": 1301,
        "Profit after tax corporate income": 4564,
        "Volume": 12865500,
        "Close of Quarter": 13.0,
        "EPS": 2642,
        "Non-adjusted EPS": 2642,
        "PE": 4.9,
        "Book Price": 17.6
      }
    },
    {
      "quarter": "Q1 2015",
      "income status": {
        "Net sales": 144136,
        "Cost of goods sold": 134563,
        "Gross Profit": 9573,
        "Financial expenses": "N/A",
        "Of which: Interest expense": "N/A",
        "Cost of sales": 51,
        "Enterprise cost management": 8786,
        "Total Operating Expenses": 8837,
        "Total revenue financing activities": 78,
        "Net profit from business activities": 814,
        "Profit": 122,
        "Profit before tax": 936,
        "Present corporate income tax expenses": 214,
        "Deferred income taxes expenses": "N/A",
        "The interests of minority shareholders": "N/A",
        "Total Cost of profits": 214,
        "Profit after tax corporate income": 721,
        "Volume": 12865500,
        "Close of Quarter": 14.4,
        "EPS": 2986,
        "Non-adjusted EPS": 2986,
        "PE": 4.8,
        "Book Price": 18.7
      }
    },
    {
      "quarter": "Q4 2014",
      "income status": {
        "Net sales": 228928,
        "Cost of goods sold": 187085,
        "Gross Profit": 41842,
        "Financial expenses": "N/A",
        "Of which: Interest expense": "N/A",
        "Cost of sales": 77,
        "Enterprise cost management": 16936,
        "Total Operating Expenses": 17013,
        "Total revenue financing activities": 591,
        "Net profit from business activities": 25420,
        "Profit": -56,
        "Profit before tax": 25364,
        "Present corporate income tax expenses": 5509,
        "Deferred income taxes expenses": "N/A",
        "The interests of minority shareholders": "N/A",
        "Total Cost of profits": 5509,
        "Profit after tax corporate income": 19855,
        "Volume": 12865500,
        "Close of Quarter": 12.9,
        "EPS": 3506,
        "Non-adjusted EPS": 3506,
        "PE": 3.7,
        "Book Price": 19.5
      }
    },
    {
      "quarter": "Q3 2014",
      "income status": {
        "Net sales": 131335,
        "Cost of goods sold": 114321,
        "Gross Profit": 17014,
        "Financial expenses": "N/A",
        "Of which: Interest expense": "N/A",
        "Cost of sales": 99,
        "Enterprise cost management": 6814,
        "Total Operating Expenses": 6913,
        "Total revenue financing activities": 1134,
        "Net profit from business activities": 11236,
        "Profit": 125,
        "Profit before tax": 11361,
        "Present corporate income tax expenses": 2508,
        "Deferred income taxes expenses": "N/A",
        "The interests of minority shareholders": "N/A",
        "Total Cost of profits": 2508,
        "Profit after tax corporate income": 8853,
        "Volume": 12865500,
        "Close of Quarter": 12.8,
        "EPS": 2360,
        "Non-adjusted EPS": 2360,
        "PE": 5.4,
        "Book Price": 17.9
      }
    },
    {
      "quarter": "Q2 2014",
      "income status": {
        "Net sales": 336772,
        "Cost of goods sold": 309641,
        "Gross Profit": 27131,
        "Financial expenses": "N/A",
        "Of which: Interest expense": "N/A",
        "Cost of sales": 109,
        "Enterprise cost management": 16722,
        "Total Operating Expenses": 16831,
        "Total revenue financing activities": 923,
        "Net profit from business activities": 11223,
        "Profit": 316,
        "Profit before tax": 11539,
        "Present corporate income tax expenses": 2546,
        "Deferred income taxes expenses": "N/A",
        "The interests of minority shareholders": "N/A",
        "Total Cost of profits": 2546,
        "Profit after tax corporate income": 8993,
        "Volume": 12865500,
        "Close of Quarter": 12.4,
        "EPS": 2367,
        "Non-adjusted EPS": 2367,
        "PE": 5.2,
        "Book Price": 17.2
      }
    },
    {
      "quarter": "Q1 2014",
      "income status": {
        "Net sales": 279777,
        "Cost of goods sold": 263874,
        "Gross Profit": 15903,
        "Financial expenses": 28,
        "Of which: Interest expense": 28,
        "Cost of sales": 92,
        "Enterprise cost management": 7645,
        "Total Operating Expenses": 7765,
        "Total revenue financing activities": 699,
        "Net profit from business activities": 8836,
        "Profit": 690,
        "Profit before tax": 9526,
        "Present corporate income tax expenses": 2117,
        "Deferred income taxes expenses": "N/A",
        "The interests of minority shareholders": "N/A",
        "Total Cost of profits": 2117,
        "Profit after tax corporate income": 7409,
        "Volume": 12865500,
        "Close of Quarter": 13.1,
        "EPS": 2134,
        "Non-adjusted EPS": 2134,
        "PE": 6.2,
        "Book Price": 17.7
      }
    },
    {
      "quarter": "Q4 2013",
      "income status": {
        "Net sales": 246968,
        "Cost of goods sold": 229583,
        "Gross Profit": 17385,
        "Financial expenses": 9,
        "Of which: Interest expense": 9,
        "Cost of sales": 47,
        "Enterprise cost management": 12937,
        "Total Operating Expenses": 12993,
        "Total revenue financing activities": 2619,
        "Net profit from business activities": 7010,
        "Profit": -285,
        "Profit before tax": 6725,
        "Present corporate income tax expenses": 1621,
        "Deferred income taxes expenses": "N/A",
        "The interests of minority shareholders": "N/A",
        "Total Cost of profits": 1621,
        "Profit after tax corporate income": 5104,
        "Volume": 12865500,
        "Close of Quarter": 11.9,
        "EPS": 2444,
        "Non-adjusted EPS": 2444,
        "PE": 4.9,
        "Book Price": 17.6
      }
    },
    {
      "quarter": "Q3 2013",
      "income status": {
        "Net sales": 101594,
        "Cost of goods sold": 83455,
        "Gross Profit": 18139,
        "Financial expenses": "N/A",
        "Of which: Interest expense": "N/A",
        "Cost of sales": 78,
        "Enterprise cost management": 6675,
        "Total Operating Expenses": 6753,
        "Total revenue financing activities": 823,
        "Net profit from business activities": 12209,
        "Profit": -265,
        "Profit before tax": 11944,
        "Present corporate income tax expenses": 3001,
        "Deferred income taxes expenses": "N/A",
        "The interests of minority shareholders": "N/A",
        "Total Cost of profits": 3001,
        "Profit after tax corporate income": 8943,
        "Volume": 12865500,
        "Close of Quarter": 10.0,
        "EPS": 2174,
        "Non-adjusted EPS": 2174,
        "PE": 4.6,
        "Book Price": 17.2
      }
    },
    {
      "quarter": "Q2 2013",
      "income status": {
        "Net sales": 279422,
        "Cost of goods sold": 256814,
        "Gross Profit": 22608,
        "Financial expenses": "N/A",
        "Of which: Interest expense": "N/A",
        "Cost of sales": 136,
        "Enterprise cost management": 15580,
        "Total Operating Expenses": 15716,
        "Total revenue financing activities": 1475,
        "Net profit from business activities": 8368,
        "Profit": -290,
        "Profit before tax": 8077,
        "Present corporate income tax expenses": 2082,
        "Deferred income taxes expenses": "N/A",
        "The interests of minority shareholders": "N/A",
        "Total Cost of profits": 2082,
        "Profit after tax corporate income": 5995,
        "Volume": 12865500,
        "Close of Quarter": 10.5,
        "EPS": 1072,
        "Non-adjusted EPS": 1072,
        "PE": 9.8,
        "Book Price": 16.5
      }
    },
    {
      "quarter": "Q1 2013",
      "income status": {
        "Net sales": 238641,
        "Cost of goods sold": 210699,
        "Gross Profit": 27941,
        "Financial expenses": "N/A",
        "Of which: Interest expense": "N/A",
        "Cost of sales": 134,
        "Enterprise cost management": 14503,
        "Total Operating Expenses": 14637,
        "Total revenue financing activities": 1122,
        "Net profit from business activities": 14427,
        "Profit": 726,
        "Profit before tax": 15154,
        "Present corporate income tax expenses": 3750,
        "Deferred income taxes expenses": "N/A",
        "The interests of minority shareholders": "N/A",
        "Total Cost of profits": 3750,
        "Profit after tax corporate income": 11404,
        "Volume": 12865500,
        "Close of Quarter": 8.7,
        "EPS": 2780,
        "Non-adjusted EPS": 2780,
        "PE": 3.1,
        "Book Price": 17.4
      }
    },
    {
      "quarter": "Q4 2012",
      "income status": {
        "Net sales": 158668,
        "Cost of goods sold": 152304,
        "Gross Profit": 6364,
        "Financial expenses": "N/A",
        "Of which: Interest expense": "N/A",
        "Cost of sales": 117,
        "Enterprise cost management": 10610,
        "Total Operating Expenses": 10727,
        "Total revenue financing activities": 4272,
        "Net profit from business activities": -91,
        "Profit": 2285,
        "Profit before tax": 2194,
        "Present corporate income tax expenses": 563,
        "Deferred income taxes expenses": "N/A",
        "The interests of minority shareholders": "N/A",
        "Total Cost of profits": 563,
        "Profit after tax corporate income": 1631,
        "Volume": 12865500,
        "Close of Quarter": 8.3,
        "EPS": 2199,
        "Non-adjusted EPS": 2199,
        "PE": 3.8,
        "Book Price": 16.5
      }
    },
    {
      "quarter": "Q3 2012",
      "income status": {
        "Net sales": 127295,
        "Cost of goods sold": 124697,
        "Gross Profit": 2598,
        "Financial expenses": "N/A",
        "Of which: Interest expense": "N/A",
        "Cost of sales": 136,
        "Enterprise cost management": 10091,
        "Total Operating Expenses": 10227,
        "Total revenue financing activities": 546,
        "Net profit from business activities": -7083,
        "Profit": 104,
        "Profit before tax": -6980,
        "Present corporate income tax expenses": -1745,
        "Deferred income taxes expenses": "N/A",
        "The interests of minority shareholders": "N/A",
        "Total Cost of profits": -1745,
        "Profit after tax corporate income": -5234,
        "Volume": 12865500,
        "Close of Quarter": 9.0,
        "EPS": 5028,
        "Non-adjusted EPS": 5028,
        "PE": 1.8,
        "Book Price": 16.7
      }
    },
    {
      "quarter": "Q2 2012",
      "income status": {
        "Net sales": 188006,
        "Cost of goods sold": 140506,
        "Gross Profit": 47499,
        "Financial expenses": "N/A",
        "Of which: Interest expense": "N/A",
        "Cost of sales": 224,
        "Enterprise cost management": 12029,
        "Total Operating Expenses": 12253,
        "Total revenue financing activities": 1329,
        "Net profit from business activities": 36576,
        "Profit": 594,
        "Profit before tax": 37171,
        "Present corporate income tax expenses": 9201,
        "Deferred income taxes expenses": "N/A",
        "The interests of minority shareholders": "N/A",
        "Total Cost of profits": 9201,
        "Profit after tax corporate income": 27970,
        "Volume": 12865500,
        "Close of Quarter": 9.3,
        "EPS": 5030,
        "Non-adjusted EPS": 5030,
        "PE": 1.8,
        "Book Price": 17.1
      }
    },
    {
      "quarter": "Q1 2012",
      "income status": {
        "Net sales": 152514,
        "Cost of goods sold": 136115,
        "Gross Profit": 16399,
        "Financial expenses": 6,
        "Of which: Interest expense": 6,
        "Cost of sales": 225,
        "Enterprise cost management": 11586,
        "Total Operating Expenses": 11817,
        "Total revenue financing activities": 147,
        "Net profit from business activities": 4728,
        "Profit": 550,
        "Profit before tax": 5278,
        "Present corporate income tax expenses": 1357,
        "Deferred income taxes expenses": "N/A",
        "The interests of minority shareholders": "N/A",
        "Total Cost of profits": 1357,
        "Profit after tax corporate income": 3921,
        "Volume": 12865500,
        "Close of Quarter": 8.1,
        "EPS": 2719,
        "Non-adjusted EPS": 2719,
        "PE": 3.0,
        "Book Price": 16.3
      }
    },
    {
      "quarter": "Q4 2011",
      "income status": {
        "Net sales": 167667,
        "Cost of goods sold": 105311,
        "Gross Profit": 62356,
        "Financial expenses": 9,
        "Of which: Interest expense": 9,
        "Cost of sales": 116,
        "Enterprise cost management": 15976,
        "Total Operating Expenses": 16101,
        "Total revenue financing activities": 1239,
        "Net profit from business activities": 47494,
        "Profit": 1456,
        "Profit before tax": 48528,
        "Present corporate income tax expenses": 10915,
        "Deferred income taxes expenses": "N/A",
        "The interests of minority shareholders": "N/A",
        "Total Cost of profits": 10915,
        "Profit after tax corporate income": 38035,
        "Volume": 12865500,
        "Close of Quarter": 9.0,
        "EPS": 2830,
        "Non-adjusted EPS": 2830,
        "PE": 3.2,
        "Book Price": 15.7
      }
    },
    {
      "quarter": "Q3 2011",
      "income status": {
        "Net sales": 102201,
        "Cost of goods sold": 98852,
        "Gross Profit": 3350,
        "Financial expenses": 9,
        "Of which: Interest expense": 9,
        "Cost of sales": 158,
        "Enterprise cost management": 10029,
        "Total Operating Expenses": 10196,
        "Total revenue financing activities": 1546,
        "Net profit from business activities": -5300,
        "Profit": 105,
        "Profit before tax": -5195,
        "Present corporate income tax expenses": 12,
        "Deferred income taxes expenses": "N/A",
        "The interests of minority shareholders": "N/A",
        "Total Cost of profits": 12,
        "Profit after tax corporate income": -5207,
        "Volume": 12865500,
        "Close of Quarter": 9.3,
        "EPS": 986,
        "Non-adjusted EPS": 986,
        "PE": 9.4,
        "Book Price": 13.5
      }
    },
    {
      "quarter": "Q2 2011",
      "income status": {
        "Net sales": 155526,
        "Cost of goods sold": 146916,
        "Gross Profit": 8610,
        "Financial expenses": 11,
        "Of which: Interest expense": 11,
        "Cost of sales": 130,
        "Enterprise cost management": 11704,
        "Total Operating Expenses": 11845,
        "Total revenue financing activities": 852,
        "Net profit from business activities": -2383,
        "Profit": 24,
        "Profit before tax": -2359,
        "Present corporate income tax expenses": -590,
        "Deferred income taxes expenses": "N/A",
        "The interests of minority shareholders": "N/A",
        "Total Cost of profits": -590,
        "Profit after tax corporate income": -1769,
        "Volume": 12865500,
        "Close of Quarter": 9.7,
        "EPS": 2399,
        "Non-adjusted EPS": 2399,
        "PE": 4.0,
        "Book Price": 15.7
      }
    },
    {
      "quarter": "Q1 2011",
      "income status": {
        "Net sales": 154062,
        "Cost of goods sold": 139126,
        "Gross Profit": 14936,
        "Financial expenses": 11,
        "Of which: Interest expense": 11,
        "Cost of sales": 110,
        "Enterprise cost management": 8981,
        "Total Operating Expenses": 9102,
        "Total revenue financing activities": 863,
        "Net profit from business activities": 6696,
        "Profit": 436,
        "Profit before tax": 7132,
        "Present corporate income tax expenses": 1783,
        "Deferred income taxes expenses": "N/A",
        "The interests of minority shareholders": "N/A",
        "Total Cost of profits": 1783,
        "Profit after tax corporate income": 5349,
        "Volume": 12865500,
        "Close of Quarter": 9.7,
        "EPS": 4386,
        "Non-adjusted EPS": 4386,
        "PE": 2.2,
        "Book Price": 15.8
      }
    },
    {
      "quarter": "Q4 2010",
      "income status": {
        "Net sales": 145525,
        "Cost of goods sold": 117024,
        "Gross Profit": 28501,
        "Financial expenses": 11,
        "Of which: Interest expense": 11,
        "Cost of sales": 136,
        "Enterprise cost management": 9781,
        "Total Operating Expenses": 9928,
        "Total revenue financing activities": 902,
        "Net profit from business activities": 19476,
        "Profit": -367,
        "Profit before tax": 19109,
        "Present corporate income tax expenses": 4793,
        "Deferred income taxes expenses": "N/A",
        "The interests of minority shareholders": "N/A",
        "Total Cost of profits": 4793,
        "Profit after tax corporate income": 14316,
        "Volume": 12865500,
        "Close of Quarter": 11.9,
        "EPS": 5667,
        "Non-adjusted EPS": 5667,
        "PE": 2.1,
        "Book Price": 15.4
      }
    },
    {
      "quarter": "Q3 2010",
      "income status": {
        "Net sales": 143899,
        "Cost of goods sold": 123727,
        "Gross Profit": 20173,
        "Financial expenses": 11,
        "Of which: Interest expense": 11,
        "Cost of sales": 141,
        "Enterprise cost management": 6023,
        "Total Operating Expenses": 6175,
        "Total revenue financing activities": 2282,
        "Net profit from business activities": 16280,
        "Profit": 1000,
        "Profit before tax": 17279,
        "Present corporate income tax expenses": 4312,
        "Deferred income taxes expenses": "N/A",
        "The interests of minority shareholders": "N/A",
        "Total Cost of profits": 4312,
        "Profit after tax corporate income": 12968,
        "Volume": 12865500,
        "Close of Quarter": 12.6,
        "EPS": 5909,
        "Non-adjusted EPS": 5909,
        "PE": 2.1,
        "Book Price": 16.3
      }
    },
    {
      "quarter": "Q2 2010",
      "income status": {
        "Net sales": 175733,
        "Cost of goods sold": 136691,
        "Gross Profit": 39041,
        "Financial expenses": 15,
        "Of which: Interest expense": 15,
        "Cost of sales": 120,
        "Enterprise cost management": 8380,
        "Total Operating Expenses": 8515,
        "Total revenue financing activities": 787,
        "Net profit from business activities": 31313,
        "Profit": 412,
        "Profit before tax": 31725,
        "Present corporate income tax expenses": 7936,
        "Deferred income taxes expenses": "N/A",
        "The interests of minority shareholders": "N/A",
        "Total Cost of profits": 7936,
        "Profit after tax corporate income": 23789,
        "Volume": 12865500,
        "Close of Quarter": 13.5,
        "EPS": 4840,
        "Non-adjusted EPS": 4840,
        "PE": 2.8,
        "Book Price": 14.6
      }
    },
    {
      "quarter": "Q1 2010",
      "income status": {
        "Net sales": 148703,
        "Cost of goods sold": 113512,
        "Gross Profit": 35191,
        "Financial expenses": 24,
        "Of which: Interest expense": 24,
        "Cost of sales": 75,
        "Enterprise cost management": 6553,
        "Total Operating Expenses": 6652,
        "Total revenue financing activities": 200,
        "Net profit from business activities": 28739,
        "Profit": 377,
        "Profit before tax": 29116,
        "Present corporate income tax expenses": 7279,
        "Deferred income taxes expenses": "N/A",
        "The interests of minority shareholders": "N/A",
        "Total Cost of profits": 7279,
        "Profit after tax corporate income": 21837,
        "Volume": 12865500,
        "Close of Quarter": 10.9,
        "EPS": 4582,
        "Non-adjusted EPS": 4582,
        "PE": 2.4,
        "Book Price": 15.2
      }
    },
    {
      "quarter": "Q4 2009",
      "income status": {
        "Net sales": 117911,
        "Cost of goods sold": 89249,
        "Gross Profit": 28662,
        "Financial expenses": "N/A",
        "Of which: Interest expense": "N/A",
        "Cost of sales": 111,
        "Enterprise cost management": 7030,
        "Total Operating Expenses": 7141,
        "Total revenue financing activities": 1400,
        "Net profit from business activities": 22922,
        "Profit": 242,
        "Profit before tax": 23164,
        "Present corporate income tax expenses": 5734,
        "Deferred income taxes expenses": "N/A",
        "The interests of minority shareholders": "N/A",
        "Total Cost of profits": 5734,
        "Profit after tax corporate income": 17430,
        "Volume": 12865500,
        "Close of Quarter": 12.3,
        "EPS": 4398,
        "Non-adjusted EPS": 4398,
        "PE": 2.8,
        "Book Price": 14.7
      }
    },
    {
      "quarter": "Q3 2009",
      "income status": {
        "Net sales": 121480,
        "Cost of goods sold": 104640,
        "Gross Profit": 16840,
        "Financial expenses": "N/A",
        "Of which: Interest expense": "N/A",
        "Cost of sales": 109,
        "Enterprise cost management": 7010,
        "Total Operating Expenses": 7119,
        "Total revenue financing activities": 499,
        "Net profit from business activities": 10219,
        "Profit": 539,
        "Profit before tax": 10759,
        "Present corporate income tax expenses": 11546,
        "Deferred income taxes expenses": "N/A",
        "The interests of minority shareholders": "N/A",
        "Total Cost of profits": 11546,
        "Profit after tax corporate income": -787,
        "Volume": 12865500,
        "Close of Quarter": 17.8,
        "EPS": 3043,
        "Non-adjusted EPS": 3043,
        "PE": 5.8,
        "Book Price": 13.7
      }
    },
    {
      "quarter": "Q2 2009",
      "income status": {
        "Net sales": 138896,
        "Cost of goods sold": 113037,
        "Gross Profit": 25859,
        "Financial expenses": "N/A",
        "Of which: Interest expense": "N/A",
        "Cost of sales": 116,
        "Enterprise cost management": 6091,
        "Total Operating Expenses": 6207,
        "Total revenue financing activities": 410,
        "Net profit from business activities": 20062,
        "Profit": 413,
        "Profit before tax": 20475,
        "Present corporate income tax expenses": "N/A",
        "Deferred income taxes expenses": "N/A",
        "The interests of minority shareholders": "N/A",
        "Total Cost of profits": 0,
        "Profit after tax corporate income": 20475,
        "Volume": 12865500,
        "Close of Quarter": "N/A",
        "EPS": 3105,
        "Non-adjusted EPS": 3105,
        "PE": "N/A",
        "Book Price": 13.9
      }
    },
    {
      "quarter": "Q1 2009",
      "income status": {
        "Net sales": 130718,
        "Cost of goods sold": 103417,
        "Gross Profit": 27301,
        "Financial expenses": "N/A",
        "Of which: Interest expense": "N/A",
        "Cost of sales": 98,
        "Enterprise cost management": 6980,
        "Total Operating Expenses": 7078,
        "Total revenue financing activities": 411,
        "Net profit from business activities": 20634,
        "Profit": 338,
        "Profit before tax": 20972,
        "Present corporate income tax expenses": 1505,
        "Deferred income taxes expenses": "N/A",
        "The interests of minority shareholders": "N/A",
        "Total Cost of profits": 1505,
        "Profit after tax corporate income": 19466,
        "Volume": 12865500,
        "Close of Quarter": "N/A",
        "EPS": 1513,
        "Non-adjusted EPS": 1513,
        "PE": "N/A",
        "Book Price": 13
      }
    }
  ]
}