{
  "ticker": "NPS",
  "data": [
    {
      "quarter": "Q1 2017",
      "income status": {
        "Net sales": 3304,
        "Cost of goods sold": 2870,
        "Gross Profit": 434,
        "Financial expenses": 116,
        "Of which: Interest expense": 77,
        "Cost of sales": 115,
        "Enterprise cost management": 413,
        "Total Operating Expenses": 644,
        "Total revenue financing activities": 37,
        "Net profit from business activities": -173,
        "Profit": 432,
        "Profit before tax": 258,
        "Present corporate income tax expenses": "N/A",
        "Deferred income taxes expenses": "N/A",
        "The interests of minority shareholders": "N/A",
        "Total Cost of profits": 0,
        "Profit after tax corporate income": 258,
        "Volume": 2170000,
        "Close of Quarter": 11.2,
        "EPS": -977,
        "Non-adjusted EPS": -977,
        "PE": -11.5,
        "Book Price": 14.7
      }
    },
    {
      "quarter": "Q4 2016",
      "income status": {
        "Net sales": 6944,
        "Cost of goods sold": 8315,
        "Gross Profit": -1372,
        "Financial expenses": 52,
        "Of which: Interest expense": 103,
        "Cost of sales": 128,
        "Enterprise cost management": 1453,
        "Total Operating Expenses": 1633,
        "Total revenue financing activities": 13,
        "Net profit from business activities": -2991,
        "Profit": -12,
        "Profit before tax": -3003,
        "Present corporate income tax expenses": -159,
        "Deferred income taxes expenses": "N/A",
        "The interests of minority shareholders": "N/A",
        "Total Cost of profits": -159,
        "Profit after tax corporate income": -2844,
        "Volume": 2170000,
        "Close of Quarter": 9.6,
        "EPS": -964,
        "Non-adjusted EPS": -964,
        "PE": -10.0,
        "Book Price": 14.5
      }
    },
    {
      "quarter": "Q3 2016",
      "income status": {
        "Net sales": 11182,
        "Cost of goods sold": 9715,
        "Gross Profit": 1467,
        "Financial expenses": 130,
        "Of which: Interest expense": 130,
        "Cost of sales": 238,
        "Enterprise cost management": 1020,
        "Total Operating Expenses": 1388,
        "Total revenue financing activities": 4,
        "Net profit from business activities": 83,
        "Profit": 65,
        "Profit before tax": 148,
        "Present corporate income tax expenses": 30,
        "Deferred income taxes expenses": "N/A",
        "The interests of minority shareholders": "N/A",
        "Total Cost of profits": 30,
        "Profit after tax corporate income": 118,
        "Volume": 2170000,
        "Close of Quarter": 13,
        "EPS": 444,
        "Non-adjusted EPS": 444,
        "PE": 29.3,
        "Book Price": 15.8
      }
    },
    {
      "quarter": "Q2 2016",
      "income status": {
        "Net sales": 5524,
        "Cost of goods sold": 4163,
        "Gross Profit": 1360,
        "Financial expenses": 147,
        "Of which: Interest expense": 143,
        "Cost of sales": 174,
        "Enterprise cost management": 1026,
        "Total Operating Expenses": 1347,
        "Total revenue financing activities": 339,
        "Net profit from business activities": 351,
        "Profit": 45,
        "Profit before tax": 396,
        "Present corporate income tax expenses": 49,
        "Deferred income taxes expenses": "N/A",
        "The interests of minority shareholders": "N/A",
        "Total Cost of profits": 49,
        "Profit after tax corporate income": 348,
        "Volume": 2170000,
        "Close of Quarter": 12.5,
        "EPS": 421,
        "Non-adjusted EPS": 421,
        "PE": 29.7,
        "Book Price": 15.7
      }
    },
    {
      "quarter": "Q1 2016",
      "income status": {
        "Net sales": 9784,
        "Cost of goods sold": 8084,
        "Gross Profit": 1700,
        "Financial expenses": 147,
        "Of which: Interest expense": 147,
        "Cost of sales": 105,
        "Enterprise cost management": 1097,
        "Total Operating Expenses": 1349,
        "Total revenue financing activities": 24,
        "Net profit from business activities": 375,
        "Profit": -9,
        "Profit before tax": 367,
        "Present corporate income tax expenses": 81,
        "Deferred income taxes expenses": "N/A",
        "The interests of minority shareholders": "N/A",
        "Total Cost of profits": 81,
        "Profit after tax corporate income": 286,
        "Volume": 2170000,
        "Close of Quarter": 13.6,
        "EPS": 292,
        "Non-adjusted EPS": 292,
        "PE": 46.6,
        "Book Price": 15.6
      }
    },
    {
      "quarter": "Q4 2015",
      "income status": {
        "Net sales": 9595,
        "Cost of goods sold": 7642,
        "Gross Profit": 1953,
        "Financial expenses": 159,
        "Of which: Interest expense": 158,
        "Cost of sales": 90,
        "Enterprise cost management": 1406,
        "Total Operating Expenses": 1655,
        "Total revenue financing activities": 10,
        "Net profit from business activities": 308,
        "Profit": 17,
        "Profit before tax": 325,
        "Present corporate income tax expenses": 115,
        "Deferred income taxes expenses": "N/A",
        "The interests of minority shareholders": "N/A",
        "Total Cost of profits": 115,
        "Profit after tax corporate income": 211,
        "Volume": 2170000,
        "Close of Quarter": 14.5,
        "EPS": 172,
        "Non-adjusted EPS": 172,
        "PE": 84.3,
        "Book Price": 15.4
      }
    },
    {
      "quarter": "Q3 2015",
      "income status": {
        "Net sales": 17101,
        "Cost of goods sold": 15059,
        "Gross Profit": 2042,
        "Financial expenses": 339,
        "Of which: Interest expense": 210,
        "Cost of sales": 550,
        "Enterprise cost management": 1281,
        "Total Operating Expenses": 2170,
        "Total revenue financing activities": 95,
        "Net profit from business activities": -33,
        "Profit": 104,
        "Profit before tax": 71,
        "Present corporate income tax expenses": 3,
        "Deferred income taxes expenses": "N/A",
        "The interests of minority shareholders": "N/A",
        "Total Cost of profits": 3,
        "Profit after tax corporate income": 68,
        "Volume": 2170000,
        "Close of Quarter": 14,
        "EPS": 459,
        "Non-adjusted EPS": 459,
        "PE": 30.5,
        "Book Price": 15.3
      }
    },
    {
      "quarter": "Q2 2015",
      "income status": {
        "Net sales": 7837,
        "Cost of goods sold": 7208,
        "Gross Profit": 629,
        "Financial expenses": 277,
        "Of which: Interest expense": 183,
        "Cost of sales": 235,
        "Enterprise cost management": 528,
        "Total Operating Expenses": 1040,
        "Total revenue financing activities": 447,
        "Net profit from business activities": 36,
        "Profit": 26,
        "Profit before tax": 62,
        "Present corporate income tax expenses": -7,
        "Deferred income taxes expenses": "N/A",
        "The interests of minority shareholders": "N/A",
        "Total Cost of profits": -7,
        "Profit after tax corporate income": 69,
        "Volume": 2170000,
        "Close of Quarter": 12.9,
        "EPS": 761,
        "Non-adjusted EPS": 761,
        "PE": 16.9,
        "Book Price": 15.3
      }
    },
    {
      "quarter": "Q1 2015",
      "income status": {
        "Net sales": 7926,
        "Cost of goods sold": 6506,
        "Gross Profit": 1420,
        "Financial expenses": 165,
        "Of which: Interest expense": 113,
        "Cost of sales": 196,
        "Enterprise cost management": 1118,
        "Total Operating Expenses": 1479,
        "Total revenue financing activities": 14,
        "Net profit from business activities": -46,
        "Profit": 79,
        "Profit before tax": 33,
        "Present corporate income tax expenses": 7,
        "Deferred income taxes expenses": "N/A",
        "The interests of minority shareholders": "N/A",
        "Total Cost of profits": 7,
        "Profit after tax corporate income": 26,
        "Volume": 2170000,
        "Close of Quarter": 13.3,
        "EPS": 1073,
        "Non-adjusted EPS": 1073,
        "PE": 12.4,
        "Book Price": 16.9
      }
    },
    {
      "quarter": "Q4 2014",
      "income status": {
        "Net sales": 15084,
        "Cost of goods sold": 12089,
        "Gross Profit": 2995,
        "Financial expenses": 179,
        "Of which: Interest expense": 101,
        "Cost of sales": 384,
        "Enterprise cost management": 1426,
        "Total Operating Expenses": 1989,
        "Total revenue financing activities": 46,
        "Net profit from business activities": 1053,
        "Profit": 55,
        "Profit before tax": 1107,
        "Present corporate income tax expenses": 276,
        "Deferred income taxes expenses": "N/A",
        "The interests of minority shareholders": "N/A",
        "Total Cost of profits": 276,
        "Profit after tax corporate income": 832,
        "Volume": 2170000,
        "Close of Quarter": 13.4,
        "EPS": 1425,
        "Non-adjusted EPS": 1425,
        "PE": 9.4,
        "Book Price": 16.9
      }
    },
    {
      "quarter": "Q3 2014",
      "income status": {
        "Net sales": 18309,
        "Cost of goods sold": 15304,
        "Gross Profit": 3005,
        "Financial expenses": 200,
        "Of which: Interest expense": 109,
        "Cost of sales": 546,
        "Enterprise cost management": 1440,
        "Total Operating Expenses": 2186,
        "Total revenue financing activities": 108,
        "Net profit from business activities": 927,
        "Profit": 45,
        "Profit before tax": 972,
        "Present corporate income tax expenses": 248,
        "Deferred income taxes expenses": "N/A",
        "The interests of minority shareholders": "N/A",
        "Total Cost of profits": 248,
        "Profit after tax corporate income": 725,
        "Volume": 2170000,
        "Close of Quarter": 14.7,
        "EPS": 1587,
        "Non-adjusted EPS": 1587,
        "PE": 9.3,
        "Book Price": 16.5
      }
    },
    {
      "quarter": "Q2 2014",
      "income status": {
        "Net sales": 13667,
        "Cost of goods sold": 11233,
        "Gross Profit": 2434,
        "Financial expenses": 199,
        "Of which: Interest expense": 103,
        "Cost of sales": 382,
        "Enterprise cost management": 1437,
        "Total Operating Expenses": 2018,
        "Total revenue financing activities": 451,
        "Net profit from business activities": 869,
        "Profit": 67,
        "Profit before tax": 936,
        "Present corporate income tax expenses": 190,
        "Deferred income taxes expenses": "N/A",
        "The interests of minority shareholders": "N/A",
        "Total Cost of profits": 190,
        "Profit after tax corporate income": 746,
        "Volume": 2170000,
        "Close of Quarter": 12.9,
        "EPS": 1636,
        "Non-adjusted EPS": 1636,
        "PE": 7.9,
        "Book Price": 16.2
      }
    },
    {
      "quarter": "Q1 2014",
      "income status": {
        "Net sales": 11338,
        "Cost of goods sold": 8323,
        "Gross Profit": 3015,
        "Financial expenses": 102,
        "Of which: Interest expense": 96,
        "Cost of sales": 641,
        "Enterprise cost management": 1387,
        "Total Operating Expenses": 2130,
        "Total revenue financing activities": 21,
        "Net profit from business activities": 907,
        "Profit": 106,
        "Profit before tax": 1013,
        "Present corporate income tax expenses": 223,
        "Deferred income taxes expenses": "N/A",
        "The interests of minority shareholders": "N/A",
        "Total Cost of profits": 223,
        "Profit after tax corporate income": 790,
        "Volume": 2170000,
        "Close of Quarter": 13.5,
        "EPS": 1559,
        "Non-adjusted EPS": 1559,
        "PE": 8.7,
        "Book Price": 17.5
      }
    },
    {
      "quarter": "Q4 2013",
      "income status": {
        "Net sales": 15860,
        "Cost of goods sold": 12988,
        "Gross Profit": 2872,
        "Financial expenses": 110,
        "Of which: Interest expense": 105,
        "Cost of sales": 464,
        "Enterprise cost management": 1650,
        "Total Operating Expenses": 2224,
        "Total revenue financing activities": 30,
        "Net profit from business activities": 679,
        "Profit": 801,
        "Profit before tax": 1479,
        "Present corporate income tax expenses": 296,
        "Deferred income taxes expenses": "N/A",
        "The interests of minority shareholders": "N/A",
        "Total Cost of profits": 296,
        "Profit after tax corporate income": 1183,
        "Volume": 2170000,
        "Close of Quarter": 10.5,
        "EPS": 1569,
        "Non-adjusted EPS": 1569,
        "PE": 6.7,
        "Book Price": 17.4
      }
    },
    {
      "quarter": "Q3 2013",
      "income status": {
        "Net sales": 13805,
        "Cost of goods sold": 11043,
        "Gross Profit": 2762,
        "Financial expenses": 128,
        "Of which: Interest expense": 109,
        "Cost of sales": 513,
        "Enterprise cost management": 1267,
        "Total Operating Expenses": 1908,
        "Total revenue financing activities": 84,
        "Net profit from business activities": 939,
        "Profit": 170,
        "Profit before tax": 1109,
        "Present corporate income tax expenses": 277,
        "Deferred income taxes expenses": "N/A",
        "The interests of minority shareholders": "N/A",
        "Total Cost of profits": 277,
        "Profit after tax corporate income": 832,
        "Volume": 2170000,
        "Close of Quarter": 11.3,
        "EPS": 1749,
        "Non-adjusted EPS": 1749,
        "PE": 6.4,
        "Book Price": 16.8
      }
    },
    {
      "quarter": "Q2 2013",
      "income status": {
        "Net sales": 6471,
        "Cost of goods sold": 4730,
        "Gross Profit": 1741,
        "Financial expenses": 223,
        "Of which: Interest expense": 99,
        "Cost of sales": 246,
        "Enterprise cost management": 1078,
        "Total Operating Expenses": 1547,
        "Total revenue financing activities": 471,
        "Net profit from business activities": 664,
        "Profit": 65,
        "Profit before tax": 729,
        "Present corporate income tax expenses": 151,
        "Deferred income taxes expenses": "N/A",
        "The interests of minority shareholders": "N/A",
        "Total Cost of profits": 151,
        "Profit after tax corporate income": 578,
        "Volume": 2170000,
        "Close of Quarter": 14.4,
        "EPS": 2300,
        "Non-adjusted EPS": 2300,
        "PE": 6.3,
        "Book Price": 16.4
      }
    },
    {
      "quarter": "Q1 2013",
      "income status": {
        "Net sales": 8495,
        "Cost of goods sold": 6078,
        "Gross Profit": 2417,
        "Financial expenses": 68,
        "Of which: Interest expense": 67,
        "Cost of sales": 136,
        "Enterprise cost management": 1099,
        "Total Operating Expenses": 1303,
        "Total revenue financing activities": 34,
        "Net profit from business activities": 1148,
        "Profit": -66,
        "Profit before tax": 1082,
        "Present corporate income tax expenses": 271,
        "Deferred income taxes expenses": "N/A",
        "The interests of minority shareholders": "N/A",
        "Total Cost of profits": 271,
        "Profit after tax corporate income": 812,
        "Volume": 2170000,
        "Close of Quarter": 8.4,
        "EPS": 2690,
        "Non-adjusted EPS": 2690,
        "PE": 3.1,
        "Book Price": 18.5
      }
    },
    {
      "quarter": "Q4 2012",
      "income status": {
        "Net sales": 14649,
        "Cost of goods sold": 11174,
        "Gross Profit": 3476,
        "Financial expenses": 44,
        "Of which: Interest expense": 38,
        "Cost of sales": 635,
        "Enterprise cost management": 1529,
        "Total Operating Expenses": 2208,
        "Total revenue financing activities": 38,
        "Net profit from business activities": 1307,
        "Profit": 88,
        "Profit before tax": 1394,
        "Present corporate income tax expenses": -180,
        "Deferred income taxes expenses": "N/A",
        "The interests of minority shareholders": "N/A",
        "Total Cost of profits": -180,
        "Profit after tax corporate income": 1574,
        "Volume": 2170000,
        "Close of Quarter": 7.1,
        "EPS": 2835,
        "Non-adjusted EPS": 2835,
        "PE": 2.5,
        "Book Price": 17.7
      }
    },
    {
      "quarter": "Q3 2012",
      "income status": {
        "Net sales": 11033,
        "Cost of goods sold": 6622,
        "Gross Profit": 4411,
        "Financial expenses": 73,
        "Of which: Interest expense": 37,
        "Cost of sales": 302,
        "Enterprise cost management": 1366,
        "Total Operating Expenses": 1741,
        "Total revenue financing activities": 22,
        "Net profit from business activities": 2691,
        "Profit": 10,
        "Profit before tax": 2702,
        "Present corporate income tax expenses": 675,
        "Deferred income taxes expenses": "N/A",
        "The interests of minority shareholders": "N/A",
        "Total Cost of profits": 675,
        "Profit after tax corporate income": 2026,
        "Volume": 2170000,
        "Close of Quarter": 10.5,
        "EPS": 2791,
        "Non-adjusted EPS": 2791,
        "PE": 3.8,
        "Book Price": 17
      }
    },
    {
      "quarter": "Q2 2012",
      "income status": {
        "Net sales": 12614,
        "Cost of goods sold": 9614,
        "Gross Profit": 3000,
        "Financial expenses": 49,
        "Of which: Interest expense": 28,
        "Cost of sales": 390,
        "Enterprise cost management": 1192,
        "Total Operating Expenses": 1631,
        "Total revenue financing activities": 426,
        "Net profit from business activities": 1795,
        "Profit": 91,
        "Profit before tax": 1886,
        "Present corporate income tax expenses": 460,
        "Deferred income taxes expenses": "N/A",
        "The interests of minority shareholders": "N/A",
        "Total Cost of profits": 460,
        "Profit after tax corporate income": 1425,
        "Volume": 2170000,
        "Close of Quarter": 6.5,
        "EPS": 3015,
        "Non-adjusted EPS": 3015,
        "PE": 2.2,
        "Book Price": 16.2
      }
    },
    {
      "quarter": "Q1 2012",
      "income status": {
        "Net sales": 8586,
        "Cost of goods sold": 6169,
        "Gross Profit": 2417,
        "Financial expenses": 68,
        "Of which: Interest expense": 12,
        "Cost of sales": 136,
        "Enterprise cost management": 900,
        "Total Operating Expenses": 1104,
        "Total revenue financing activities": 55,
        "Net profit from business activities": 1368,
        "Profit": 137,
        "Profit before tax": 1505,
        "Present corporate income tax expenses": 376,
        "Deferred income taxes expenses": "N/A",
        "The interests of minority shareholders": "N/A",
        "Total Cost of profits": 376,
        "Profit after tax corporate income": 1128,
        "Volume": 2170000,
        "Close of Quarter": 7.2,
        "EPS": 3024,
        "Non-adjusted EPS": 3024,
        "PE": 2.4,
        "Book Price": 17.7
      }
    },
    {
      "quarter": "Q4 2011",
      "income status": {
        "Net sales": 21513,
        "Cost of goods sold": 17757,
        "Gross Profit": 3756,
        "Financial expenses": 158,
        "Of which: Interest expense": 33,
        "Cost of sales": 608,
        "Enterprise cost management": 1452,
        "Total Operating Expenses": 2218,
        "Total revenue financing activities": 83,
        "Net profit from business activities": 1621,
        "Profit": 169,
        "Profit before tax": 8110,
        "Present corporate income tax expenses": 313,
        "Deferred income taxes expenses": "N/A",
        "The interests of minority shareholders": "N/A",
        "Total Cost of profits": 313,
        "Profit after tax corporate income": 1477,
        "Volume": 2170000,
        "Close of Quarter": 4.9,
        "EPS": 2971,
        "Non-adjusted EPS": 2971,
        "PE": 1.6,
        "Book Price": 17.2
      }
    },
    {
      "quarter": "Q3 2011",
      "income status": {
        "Net sales": 18357,
        "Cost of goods sold": 13175,
        "Gross Profit": 5183,
        "Financial expenses": 656,
        "Of which: Interest expense": 65,
        "Cost of sales": 672,
        "Enterprise cost management": 1714,
        "Total Operating Expenses": 3042,
        "Total revenue financing activities": 608,
        "Net profit from business activities": 2748,
        "Profit": 297,
        "Profit before tax": 3046,
        "Present corporate income tax expenses": 533,
        "Deferred income taxes expenses": "N/A",
        "The interests of minority shareholders": "N/A",
        "Total Cost of profits": 533,
        "Profit after tax corporate income": 2513,
        "Volume": 2170000,
        "Close of Quarter": 6.6,
        "EPS": 2981,
        "Non-adjusted EPS": 2981,
        "PE": 2.2,
        "Book Price": 16.6
      }
    },
    {
      "quarter": "Q2 2011",
      "income status": {
        "Net sales": 18058,
        "Cost of goods sold": 15231,
        "Gross Profit": 2827,
        "Financial expenses": 129,
        "Of which: Interest expense": 118,
        "Cost of sales": 289,
        "Enterprise cost management": 1643,
        "Total Operating Expenses": 2061,
        "Total revenue financing activities": 1008,
        "Net profit from business activities": 1775,
        "Profit": 147,
        "Profit before tax": 1922,
        "Present corporate income tax expenses": 479,
        "Deferred income taxes expenses": "N/A",
        "The interests of minority shareholders": "N/A",
        "Total Cost of profits": 479,
        "Profit after tax corporate income": 1444,
        "Volume": 2170000,
        "Close of Quarter": 5.0,
        "EPS": 2235,
        "Non-adjusted EPS": 2235,
        "PE": 2.2,
        "Book Price": 15.5
      }
    },
    {
      "quarter": "Q1 2011",
      "income status": {
        "Net sales": 6736,
        "Cost of goods sold": 4378,
        "Gross Profit": 2358,
        "Financial expenses": 94,
        "Of which: Interest expense": 53,
        "Cost of sales": 243,
        "Enterprise cost management": 933,
        "Total Operating Expenses": 1270,
        "Total revenue financing activities": 217,
        "Net profit from business activities": 1304,
        "Profit": 48,
        "Profit before tax": 1352,
        "Present corporate income tax expenses": 338,
        "Deferred income taxes expenses": "N/A",
        "The interests of minority shareholders": "N/A",
        "Total Cost of profits": 338,
        "Profit after tax corporate income": 1014,
        "Volume": 2170000,
        "Close of Quarter": 5.5,
        "EPS": 102648,
        "Non-adjusted EPS": 102648,
        "PE": 0.1,
        "Book Price": 16.4
      }
    },
    {
      "quarter": "Q4 2010",
      "income status": {
        "Net sales": 16880,
        "Cost of goods sold": 12295,
        "Gross Profit": 4585,
        "Financial expenses": 264,
        "Of which: Interest expense": 14,
        "Cost of sales": 860,
        "Enterprise cost management": 1162,
        "Total Operating Expenses": 2286,
        "Total revenue financing activities": 20,
        "Net profit from business activities": 2319,
        "Profit": -128,
        "Profit before tax": 2191,
        "Present corporate income tax expenses": 694,
        "Deferred income taxes expenses": "N/A",
        "The interests of minority shareholders": "N/A",
        "Total Cost of profits": 694,
        "Profit after tax corporate income": 1497,
        "Volume": 1059300,
        "Close of Quarter": 6.3,
        "EPS": 136093.7,
        "Non-adjusted EPS": 278791,
        "PE": 0.0,
        "Book Price": 16.0
      }
    },
    {
      "quarter": "Q3 2010",
      "income status": {
        "Net sales": 11174,
        "Cost of goods sold": 9009,
        "Gross Profit": 2166,
        "Financial expenses": 263,
        "Of which: Interest expense": "N/A",
        "Cost of sales": 119,
        "Enterprise cost management": 1210,
        "Total Operating Expenses": 1592,
        "Total revenue financing activities": 438,
        "Net profit from business activities": 1013,
        "Profit": 181,
        "Profit before tax": 1194,
        "Present corporate income tax expenses": 298,
        "Deferred income taxes expenses": "N/A",
        "The interests of minority shareholders": "N/A",
        "Total Cost of profits": 298,
        "Profit after tax corporate income": 895,
        "Volume": 1059300,
        "Close of Quarter": 10.5,
        "EPS": 136103.5,
        "Non-adjusted EPS": 278811,
        "PE": 0.0,
        "Book Price": 15.4
      }
    },
    {
      "quarter": "Q2 2010",
      "income status": {
        "Net sales": 51865,
        "Cost of goods sold": 7470,
        "Gross Profit": 44395,
        "Financial expenses": 60490,
        "Of which: Interest expense": 59374,
        "Cost of sales": 26512,
        "Enterprise cost management": 3307,
        "Total Operating Expenses": 90309,
        "Total revenue financing activities": 324583,
        "Net profit from business activities": 278670,
        "Profit": 307,
        "Profit before tax": 287991,
        "Present corporate income tax expenses": 65405,
        "Deferred income taxes expenses": "N/A",
        "The interests of minority shareholders": 3246,
        "Total Cost of profits": 68651,
        "Profit after tax corporate income": 219340,
        "Volume": 1059300,
        "Close of Quarter": 10.0,
        "EPS": 136275.8,
        "Non-adjusted EPS": 279164,
        "PE": 0.0,
        "Book Price": 15.2
      }
    },
    {
      "quarter": "Q1 2010",
      "income status": {
        "Net sales": 53487,
        "Cost of goods sold": 6608,
        "Gross Profit": 46878,
        "Financial expenses": 15360,
        "Of which: Interest expense": 10887,
        "Cost of sales": 26147,
        "Enterprise cost management": 3145,
        "Total Operating Expenses": 44652,
        "Total revenue financing activities": 82279,
        "Net profit from business activities": 84506,
        "Profit": 178,
        "Profit before tax": 90005,
        "Present corporate income tax expenses": 16398,
        "Deferred income taxes expenses": "N/A",
        "The interests of minority shareholders": 16,
        "Total Cost of profits": 16414,
        "Profit after tax corporate income": 73591,
        "Volume": 1059300,
        "Close of Quarter": 11.6,
        "EPS": 35766.3,
        "Non-adjusted EPS": 73268,
        "PE": 0.2,
        "Book Price": 15.9
      }
    },
    {
      "quarter": "Q4 2009",
      "income status": {
        "Net sales": 15419,
        "Cost of goods sold": 12111,
        "Gross Profit": 3307,
        "Financial expenses": 623,
        "Of which: Interest expense": "N/A",
        "Cost of sales": 374,
        "Enterprise cost management": 1003,
        "Total Operating Expenses": 2000,
        "Total revenue financing activities": 157,
        "Net profit from business activities": 1463,
        "Profit": 366,
        "Profit before tax": 1829,
        "Present corporate income tax expenses": 311,
        "Deferred income taxes expenses": "N/A",
        "The interests of minority shareholders": "N/A",
        "Total Cost of profits": 311,
        "Profit after tax corporate income": 1519,
        "Volume": 1059300,
        "Close of Quarter": 12.6,
        "EPS": 2426.6,
        "Non-adjusted EPS": 4971,
        "PE": 2.5,
        "Book Price": 10.6
      }
    },
    {
      "quarter": "Q3 2009",
      "income status": {
        "Net sales": 9647,
        "Cost of goods sold": 6928,
        "Gross Profit": 2719,
        "Financial expenses": 187,
        "Of which: Interest expense": "N/A",
        "Cost of sales": 173,
        "Enterprise cost management": 974,
        "Total Operating Expenses": 1334,
        "Total revenue financing activities": 30,
        "Net profit from business activities": 1415,
        "Profit": 34,
        "Profit before tax": 1449,
        "Present corporate income tax expenses": 181,
        "Deferred income taxes expenses": "N/A",
        "The interests of minority shareholders": "N/A",
        "Total Cost of profits": 181,
        "Profit after tax corporate income": 1268,
        "Volume": 1059300,
        "Close of Quarter": 10.2,
        "EPS": 2404.2,
        "Non-adjusted EPS": 4925,
        "PE": 2.1,
        "Book Price": 9.9
      }
    },
    {
      "quarter": "Q2 2009",
      "income status": {
        "Net sales": 13420,
        "Cost of goods sold": 10697,
        "Gross Profit": 2723,
        "Financial expenses": 199,
        "Of which: Interest expense": "N/A",
        "Cost of sales": 408,
        "Enterprise cost management": 931,
        "Total Operating Expenses": 1538,
        "Total revenue financing activities": 200,
        "Net profit from business activities": 1384,
        "Profit": 28,
        "Profit before tax": 1411,
        "Present corporate income tax expenses": 176,
        "Deferred income taxes expenses": "N/A",
        "The interests of minority shareholders": "N/A",
        "Total Cost of profits": 176,
        "Profit after tax corporate income": 1235,
        "Volume": 1059300,
        "Close of Quarter": 7.5,
        "EPS": 2385.1,
        "Non-adjusted EPS": 4886,
        "PE": 1.5,
        "Book Price": 9.4
      }
    },
    {
      "quarter": "Q1 2009",
      "income status": {
        "Net sales": 15293,
        "Cost of goods sold": 12413,
        "Gross Profit": 2880,
        "Financial expenses": 244,
        "Of which: Interest expense": "N/A",
        "Cost of sales": 264,
        "Enterprise cost management": 1263,
        "Total Operating Expenses": 1771,
        "Total revenue financing activities": 288,
        "Net profit from business activities": 1397,
        "Profit": 24,
        "Profit before tax": 1421,
        "Present corporate income tax expenses": 178,
        "Deferred income taxes expenses": "N/A",
        "The interests of minority shareholders": "N/A",
        "Total Cost of profits": 178,
        "Profit after tax corporate income": 1244,
        "Volume": 1059300,
        "Close of Quarter": 4.4,
        "EPS": 2369.0,
        "Non-adjusted EPS": 4853,
        "PE": 0.9,
        "Book Price": 9.0
      }
    },
    {
      "quarter": "Q4 2008",
      "income status": {
        "Net sales": 17373,
        "Cost of goods sold": 13379,
        "Gross Profit": 3994,
        "Financial expenses": 279,
        "Of which: Interest expense": "N/A",
        "Cost of sales": 649,
        "Enterprise cost management": 1914,
        "Total Operating Expenses": 2842,
        "Total revenue financing activities": 131,
        "Net profit from business activities": 1283,
        "Profit": 383,
        "Profit before tax": 1666,
        "Present corporate income tax expenses": 196,
        "Deferred income taxes expenses": "N/A",
        "The interests of minority shareholders": "N/A",
        "Total Cost of profits": 196,
        "Profit after tax corporate income": 1470,
        "Volume": 1059300,
        "Close of Quarter": 4.8,
        "EPS": 2286.0,
        "Non-adjusted EPS": 4683,
        "PE": 1.0,
        "Book Price": 8.5
      }
    },
    {
      "quarter": "Q3 2008",
      "income status": {
        "Net sales": 10805,
        "Cost of goods sold": 7711,
        "Gross Profit": 3094,
        "Financial expenses": 61,
        "Of which: Interest expense": "N/A",
        "Cost of sales": 102,
        "Enterprise cost management": 1928,
        "Total Operating Expenses": 2091,
        "Total revenue financing activities": 188,
        "Net profit from business activities": 1191,
        "Profit": 236,
        "Profit before tax": 1427,
        "Present corporate income tax expenses": 200,
        "Deferred income taxes expenses": "N/A",
        "The interests of minority shareholders": "N/A",
        "Total Cost of profits": 200,
        "Profit after tax corporate income": 1227,
        "Volume": 1059300,
        "Close of Quarter": 8.9,
        "EPS": 2381.2,
        "Non-adjusted EPS": 4878,
        "PE": 1.8,
        "Book Price": 9.8
      }
    },
    {
      "quarter": "Q2 2008",
      "income status": {
        "Net sales": 14914,
        "Cost of goods sold": 12175,
        "Gross Profit": 2739,
        "Financial expenses": 155,
        "Of which: Interest expense": "N/A",
        "Cost of sales": 477,
        "Enterprise cost management": 1098,
        "Total Operating Expenses": 1730,
        "Total revenue financing activities": 392,
        "Net profit from business activities": 1401,
        "Profit": -5,
        "Profit before tax": 1396,
        "Present corporate income tax expenses": 195,
        "Deferred income taxes expenses": "N/A",
        "The interests of minority shareholders": "N/A",
        "Total Cost of profits": 195,
        "Profit after tax corporate income": 1200,
        "Volume": 1059300,
        "Close of Quarter": 9.9,
        "EPS": 2400.8,
        "Non-adjusted EPS": 4918,
        "PE": 2,
        "Book Price": 9.3
      }
    },
    {
      "quarter": "Q1 2008",
      "income status": {
        "Net sales": 15337,
        "Cost of goods sold": 12363,
        "Gross Profit": 2974,
        "Financial expenses": 331,
        "Of which: Interest expense": "N/A",
        "Cost of sales": 427,
        "Enterprise cost management": 1038,
        "Total Operating Expenses": 1796,
        "Total revenue financing activities": 50,
        "Net profit from business activities": 1228,
        "Profit": 10,
        "Profit before tax": 1237,
        "Present corporate income tax expenses": 173,
        "Deferred income taxes expenses": "N/A",
        "The interests of minority shareholders": "N/A",
        "Total Cost of profits": 173,
        "Profit after tax corporate income": 1064,
        "Volume": 1059300,
        "Close of Quarter": 9.9,
        "EPS": 2310.0,
        "Non-adjusted EPS": 4732,
        "PE": 2.1,
        "Book Price": 8.7
      }
    },
    {
      "quarter": "Q4 2007",
      "income status": {
        "Net sales": 17795,
        "Cost of goods sold": 14122,
        "Gross Profit": 3673,
        "Financial expenses": 232,
        "Of which: Interest expense": "N/A",
        "Cost of sales": 550,
        "Enterprise cost management": 966,
        "Total Operating Expenses": 1748,
        "Total revenue financing activities": 51,
        "Net profit from business activities": 1975,
        "Profit": 18,
        "Profit before tax": 1993,
        "Present corporate income tax expenses": 318,
        "Deferred income taxes expenses": "N/A",
        "The interests of minority shareholders": "N/A",
        "Total Cost of profits": 318,
        "Profit after tax corporate income": 1676,
        "Volume": 1059300,
        "Close of Quarter": 16.2,
        "EPS": 2105.4,
        "Non-adjusted EPS": 4313,
        "PE": 3.8,
        "Book Price": 10.4
      }
    },
    {
      "quarter": "Q3 2007",
      "income status": {
        "Net sales": 15287,
        "Cost of goods sold": 12183,
        "Gross Profit": 3104,
        "Financial expenses": 267,
        "Of which: Interest expense": "N/A",
        "Cost of sales": 330,
        "Enterprise cost management": 1110,
        "Total Operating Expenses": 1707,
        "Total revenue financing activities": 59,
        "Net profit from business activities": 1456,
        "Profit": 20,
        "Profit before tax": 1476,
        "Present corporate income tax expenses": 207,
        "Deferred income taxes expenses": "N/A",
        "The interests of minority shareholders": "N/A",
        "Total Cost of profits": 207,
        "Profit after tax corporate income": 1270,
        "Volume": 1059300,
        "Close of Quarter": 10.0,
        "EPS": 1767.1,
        "Non-adjusted EPS": 3620,
        "PE": 2.8,
        "Book Price": 9.6
      }
    },
    {
      "quarter": "Q2 2007",
      "income status": {
        "Net sales": 15406,
        "Cost of goods sold": 12594,
        "Gross Profit": 2812,
        "Financial expenses": 153,
        "Of which: Interest expense": "N/A",
        "Cost of sales": 448,
        "Enterprise cost management": 1089,
        "Total Operating Expenses": 1690,
        "Total revenue financing activities": 22,
        "Net profit from business activities": 1144,
        "Profit": 22,
        "Profit before tax": 1166,
        "Present corporate income tax expenses": 163,
        "Deferred income taxes expenses": "N/A",
        "The interests of minority shareholders": "N/A",
        "Total Cost of profits": 163,
        "Profit after tax corporate income": 1003,
        "Volume": 1059300,
        "Close of Quarter": 12.8,
        "EPS": 1181.8,
        "Non-adjusted EPS": 2421,
        "PE": 5.3,
        "Book Price": 9.0
      }
    },
    {
      "quarter": "Q1 2007",
      "income status": {
        "Net sales": 10993,
        "Cost of goods sold": 9091,
        "Gross Profit": 1903,
        "Financial expenses": 27,
        "Of which: Interest expense": "N/A",
        "Cost of sales": 264,
        "Enterprise cost management": 929,
        "Total Operating Expenses": 1220,
        "Total revenue financing activities": 34,
        "Net profit from business activities": 716,
        "Profit": 5,
        "Profit before tax": 721,
        "Present corporate income tax expenses": 101,
        "Deferred income taxes expenses": "N/A",
        "The interests of minority shareholders": "N/A",
        "Total Cost of profits": 101,
        "Profit after tax corporate income": 620,
        "Volume": 1059300,
        "Close of Quarter": 14.6,
        "EPS": 720.0,
        "Non-adjusted EPS": 1475,
        "PE": 9.9,
        "Book Price": 9.3
      }
    },
    {
      "quarter": "Q4 2006",
      "income status": {
        "Net sales": 13020,
        "Cost of goods sold": 10621,
        "Gross Profit": 2399,
        "Financial expenses": 20,
        "Of which: Interest expense": "N/A",
        "Cost of sales": 366,
        "Enterprise cost management": 1042,
        "Total Operating Expenses": 1428,
        "Total revenue financing activities": 26,
        "Net profit from business activities": 997,
        "Profit": 98,
        "Profit before tax": 1095,
        "Present corporate income tax expenses": 153,
        "Deferred income taxes expenses": "N/A",
        "The interests of minority shareholders": "N/A",
        "Total Cost of profits": 153,
        "Profit after tax corporate income": 942,
        "Volume": 1059300,
        "Close of Quarter": 4.4,
        "EPS": 434.0,
        "Non-adjusted EPS": 889,
        "PE": 5.0,
        "Book Price": 7.3
      }
    }
  ]
}