{
  "ticker": "POM",
  "data": [
    {
      "quarter": "Q1 2017",
      "income status": {
        "Net sales": 2738721,
        "Cost of goods sold": 2450787,
        "Gross Profit": 287934,
        "Financial expenses": 47105,
        "Of which: Interest expense": 44580,
        "Cost of sales": 5057,
        "Enterprise cost management": 18838,
        "Total Operating Expenses": 71000,
        "Total revenue financing activities": 3013,
        "Net profit from business activities": 219947,
        "Profit": -9222,
        "Profit before tax": 210725,
        "Present corporate income tax expenses": 6017,
        "Deferred income taxes expenses": "N/A",
        "The interests of minority shareholders": 408,
        "Total Cost of profits": 6425,
        "Profit after tax corporate income": 204300,
        "Volume": 186317161,
        "Close of Quarter": 13.6,
        "EPS": 2548,
        "Non-adjusted EPS": 2548,
        "PE": 5.3,
        "Book Price": 15.5
      }
    },
    {
      "quarter": "Q4 2016",
      "income status": {
        "Net sales": 2888447,
        "Cost of goods sold": 2607066,
        "Gross Profit": 281381,
        "Financial expenses": 54349,
        "Of which: Interest expense": 52989,
        "Cost of sales": 11862,
        "Enterprise cost management": 27660,
        "Total Operating Expenses": 93871,
        "Total revenue financing activities": 1502,
        "Net profit from business activities": 189012,
        "Profit": -3651,
        "Profit before tax": 185361,
        "Present corporate income tax expenses": 6222,
        "Deferred income taxes expenses": "N/A",
        "The interests of minority shareholders": 359,
        "Total Cost of profits": 6581,
        "Profit after tax corporate income": 178780,
        "Volume": 186317161,
        "Close of Quarter": 8.1,
        "EPS": 1615,
        "Non-adjusted EPS": 1615,
        "PE": 5.0,
        "Book Price": 14.4
      }
    },
    {
      "quarter": "Q3 2016",
      "income status": {
        "Net sales": 2198397,
        "Cost of goods sold": 2113575,
        "Gross Profit": 84822,
        "Financial expenses": 46709,
        "Of which: Interest expense": 46546,
        "Cost of sales": 7525,
        "Enterprise cost management": 16766,
        "Total Operating Expenses": 71000,
        "Total revenue financing activities": 637,
        "Net profit from business activities": 14458,
        "Profit": -2252,
        "Profit before tax": 12207,
        "Present corporate income tax expenses": 246,
        "Deferred income taxes expenses": "N/A",
        "The interests of minority shareholders": 14,
        "Total Cost of profits": 260,
        "Profit after tax corporate income": 11947,
        "Volume": 186317161,
        "Close of Quarter": 8.8,
        "EPS": 690,
        "Non-adjusted EPS": 690,
        "PE": 12.8,
        "Book Price": 13.4
      }
    },
    {
      "quarter": "Q2 2016",
      "income status": {
        "Net sales": 2022104,
        "Cost of goods sold": 1861761,
        "Gross Profit": 160342,
        "Financial expenses": 51854,
        "Of which: Interest expense": 47252,
        "Cost of sales": 8830,
        "Enterprise cost management": 17655,
        "Total Operating Expenses": 78339,
        "Total revenue financing activities": 3561,
        "Net profit from business activities": 85564,
        "Profit": -3293,
        "Profit before tax": 82271,
        "Present corporate income tax expenses": 2360,
        "Deferred income taxes expenses": "N/A",
        "The interests of minority shareholders": 127,
        "Total Cost of profits": 2487,
        "Profit after tax corporate income": 79785,
        "Volume": 186317161,
        "Close of Quarter": 9.3,
        "EPS": 809,
        "Non-adjusted EPS": 809,
        "PE": 11.5,
        "Book Price": 13.3
      }
    },
    {
      "quarter": "Q1 2016",
      "income status": {
        "Net sales": 2188091,
        "Cost of goods sold": 2077397,
        "Gross Profit": 110695,
        "Financial expenses": 58348,
        "Of which: Interest expense": 57714,
        "Cost of sales": 6775,
        "Enterprise cost management": 15205,
        "Total Operating Expenses": 80328,
        "Total revenue financing activities": 1387,
        "Net profit from business activities": 31754,
        "Profit": -1359,
        "Profit before tax": 30394,
        "Present corporate income tax expenses": "N/A",
        "Deferred income taxes expenses": "N/A",
        "The interests of minority shareholders": 6,
        "Total Cost of profits": 6,
        "Profit after tax corporate income": 30388,
        "Volume": 186317161,
        "Close of Quarter": 10.2,
        "EPS": 482,
        "Non-adjusted EPS": 482,
        "PE": 21.2,
        "Book Price": 13
      }
    },
    {
      "quarter": "Q4 2015",
      "income status": {
        "Net sales": 2104854,
        "Cost of goods sold": 1938950,
        "Gross Profit": 165904,
        "Financial expenses": 134150,
        "Of which: Interest expense": 68325,
        "Cost of sales": 6347,
        "Enterprise cost management": 18996,
        "Total Operating Expenses": 159493,
        "Total revenue financing activities": 1159,
        "Net profit from business activities": 7570,
        "Profit": 5,
        "Profit before tax": 7575,
        "Present corporate income tax expenses": 1176,
        "Deferred income taxes expenses": "N/A",
        "The interests of minority shareholders": 6,
        "Total Cost of profits": 1182,
        "Profit after tax corporate income": 6392,
        "Volume": 186317161,
        "Close of Quarter": 6.9,
        "EPS": 136,
        "Non-adjusted EPS": 136,
        "PE": 50.7,
        "Book Price": 12.3
      }
    },
    {
      "quarter": "Q3 2015",
      "income status": {
        "Net sales": 2825889,
        "Cost of goods sold": 2667128,
        "Gross Profit": 158761,
        "Financial expenses": 95376,
        "Of which: Interest expense": 60728,
        "Cost of sales": 9760,
        "Enterprise cost management": 17826,
        "Total Operating Expenses": 122962,
        "Total revenue financing activities": 410,
        "Net profit from business activities": 36209,
        "Profit": -1804,
        "Profit before tax": 34405,
        "Present corporate income tax expenses": "N/A",
        "Deferred income taxes expenses": "N/A",
        "The interests of minority shareholders": 157,
        "Total Cost of profits": 157,
        "Profit after tax corporate income": 34248,
        "Volume": 186317161,
        "Close of Quarter": 6.8,
        "EPS": 73,
        "Non-adjusted EPS": 73,
        "PE": 93.2,
        "Book Price": 12.7
      }
    },
    {
      "quarter": "Q2 2015",
      "income status": {
        "Net sales": 3085956,
        "Cost of goods sold": 2892329,
        "Gross Profit": 193627,
        "Financial expenses": 126938,
        "Of which: Interest expense": 73781,
        "Cost of sales": 10428,
        "Enterprise cost management": 32390,
        "Total Operating Expenses": 169756,
        "Total revenue financing activities": -1603,
        "Net profit from business activities": 22268,
        "Profit": -3399,
        "Profit before tax": 18869,
        "Present corporate income tax expenses": "N/A",
        "Deferred income taxes expenses": "N/A",
        "The interests of minority shareholders": 136,
        "Total Cost of profits": 136,
        "Profit after tax corporate income": 18733,
        "Volume": 186317161,
        "Close of Quarter": 6.8,
        "EPS": -170,
        "Non-adjusted EPS": -170,
        "PE": -40,
        "Book Price": 12.5
      }
    },
    {
      "quarter": "Q1 2015",
      "income status": {
        "Net sales": 2164490,
        "Cost of goods sold": 2114545,
        "Gross Profit": 49945,
        "Financial expenses": 67165,
        "Of which: Interest expense": 59646,
        "Cost of sales": 6823,
        "Enterprise cost management": 16861,
        "Total Operating Expenses": 90849,
        "Total revenue financing activities": 13864,
        "Net profit from business activities": -27039,
        "Profit": -6889,
        "Profit before tax": -33927,
        "Present corporate income tax expenses": "N/A",
        "Deferred income taxes expenses": "N/A",
        "The interests of minority shareholders": 33,
        "Total Cost of profits": 33,
        "Profit after tax corporate income": -33960,
        "Volume": 186317161,
        "Close of Quarter": 7.3,
        "EPS": -289,
        "Non-adjusted EPS": -289,
        "PE": -25.3,
        "Book Price": 12.4
      }
    },
    {
      "quarter": "Q4 2014",
      "income status": {
        "Net sales": 2715886,
        "Cost of goods sold": 2608107,
        "Gross Profit": 107779,
        "Financial expenses": 93828,
        "Of which: Interest expense": 77277,
        "Cost of sales": 11114,
        "Enterprise cost management": 30637,
        "Total Operating Expenses": 135579,
        "Total revenue financing activities": 25807,
        "Net profit from business activities": -1993,
        "Profit": -2676,
        "Profit before tax": -4668,
        "Present corporate income tax expenses": "N/A",
        "Deferred income taxes expenses": 641,
        "The interests of minority shareholders": 42,
        "Total Cost of profits": 683,
        "Profit after tax corporate income": -5351,
        "Volume": 186317161,
        "Close of Quarter": 8.4,
        "EPS": -137,
        "Non-adjusted EPS": -137,
        "PE": -61.3,
        "Book Price": 12.7
      }
    },
    {
      "quarter": "Q3 2014",
      "income status": {
        "Net sales": 2672909,
        "Cost of goods sold": 2579187,
        "Gross Profit": 93722,
        "Financial expenses": 77116,
        "Of which: Interest expense": 66206,
        "Cost of sales": 11754,
        "Enterprise cost management": 26466,
        "Total Operating Expenses": 115336,
        "Total revenue financing activities": 12456,
        "Net profit from business activities": -9157,
        "Profit": -1894,
        "Profit before tax": -11051,
        "Present corporate income tax expenses": "N/A",
        "Deferred income taxes expenses": 11,
        "The interests of minority shareholders": 40,
        "Total Cost of profits": 51,
        "Profit after tax corporate income": -11102,
        "Volume": 186317161,
        "Close of Quarter": 9.5,
        "EPS": 13,
        "Non-adjusted EPS": 13,
        "PE": 730.8,
        "Book Price": 12.8
      }
    },
    {
      "quarter": "Q2 2014",
      "income status": {
        "Net sales": 2954167,
        "Cost of goods sold": 2805942,
        "Gross Profit": 148226,
        "Financial expenses": 114090,
        "Of which: Interest expense": 75377,
        "Cost of sales": 8011,
        "Enterprise cost management": 33453,
        "Total Operating Expenses": 155554,
        "Total revenue financing activities": 4620,
        "Net profit from business activities": -2708,
        "Profit": -1842,
        "Profit before tax": -4550,
        "Present corporate income tax expenses": "N/A",
        "Deferred income taxes expenses": -1199,
        "The interests of minority shareholders": 105,
        "Total Cost of profits": -1094,
        "Profit after tax corporate income": -3456,
        "Volume": 186317161,
        "Close of Quarter": 12.9,
        "EPS": -277,
        "Non-adjusted EPS": -277,
        "PE": -46.6,
        "Book Price": 12.8
      }
    },
    {
      "quarter": "Q1 2014",
      "income status": {
        "Net sales": 2461917,
        "Cost of goods sold": 2377351,
        "Gross Profit": 84566,
        "Financial expenses": 61965,
        "Of which: Interest expense": 55607,
        "Cost of sales": 4705,
        "Enterprise cost management": 17823,
        "Total Operating Expenses": 84493,
        "Total revenue financing activities": 3169,
        "Net profit from business activities": 3242,
        "Profit": -8837,
        "Profit before tax": -5595,
        "Present corporate income tax expenses": "N/A",
        "Deferred income taxes expenses": "N/A",
        "The interests of minority shareholders": 17,
        "Total Cost of profits": 17,
        "Profit after tax corporate income": -5612,
        "Volume": 186317161,
        "Close of Quarter": 13.4,
        "EPS": -1081,
        "Non-adjusted EPS": -1081,
        "PE": -12.4,
        "Book Price": 12.8
      }
    },
    {
      "quarter": "Q4 2013",
      "income status": {
        "Net sales": 2185838,
        "Cost of goods sold": 2046555,
        "Gross Profit": 139282,
        "Financial expenses": 68113,
        "Of which: Interest expense": 57089,
        "Cost of sales": 7462,
        "Enterprise cost management": 15694,
        "Total Operating Expenses": 91269,
        "Total revenue financing activities": 8905,
        "Net profit from business activities": 56919,
        "Profit": -15405,
        "Profit before tax": 19607,
        "Present corporate income tax expenses": 732,
        "Deferred income taxes expenses": -3312,
        "The interests of minority shareholders": -384,
        "Total Cost of profits": -2964,
        "Profit after tax corporate income": 22571,
        "Volume": 186317161,
        "Close of Quarter": 12.7,
        "EPS": -1176,
        "Non-adjusted EPS": -1176,
        "PE": -10.8,
        "Book Price": 12.8
      }
    },
    {
      "quarter": "Q3 2013",
      "income status": {
        "Net sales": 2535442,
        "Cost of goods sold": 2488467,
        "Gross Profit": 46975,
        "Financial expenses": 58519,
        "Of which: Interest expense": 46525,
        "Cost of sales": 5851,
        "Enterprise cost management": 12848,
        "Total Operating Expenses": 77218,
        "Total revenue financing activities": 6091,
        "Net profit from business activities": -24152,
        "Profit": -34753,
        "Profit before tax": -65142,
        "Present corporate income tax expenses": "N/A",
        "Deferred income taxes expenses": "N/A",
        "The interests of minority shareholders": "N/A",
        "Total Cost of profits": 0,
        "Profit after tax corporate income": -65142,
        "Volume": 186317161,
        "Close of Quarter": 12.7,
        "EPS": -1176,
        "Non-adjusted EPS": -1176,
        "PE": -10.8,
        "Book Price": 12.6
      }
    },
    {
      "quarter": "Q2 2013",
      "income status": {
        "Net sales": 2334623,
        "Cost of goods sold": 2307421,
        "Gross Profit": 27203,
        "Financial expenses": 124252,
        "Of which: Interest expense": 50858,
        "Cost of sales": 8594,
        "Enterprise cost management": 19826,
        "Total Operating Expenses": 152672,
        "Total revenue financing activities": 3617,
        "Net profit from business activities": -121852,
        "Profit": -19280,
        "Profit before tax": -155573,
        "Present corporate income tax expenses": -3908,
        "Deferred income taxes expenses": 1876,
        "The interests of minority shareholders": -313,
        "Total Cost of profits": -2345,
        "Profit after tax corporate income": -153228,
        "Volume": 186317161,
        "Close of Quarter": 13,
        "EPS": -978,
        "Non-adjusted EPS": -978,
        "PE": -13.3,
        "Book Price": 12.9
      }
    },
    {
      "quarter": "Q1 2013",
      "income status": {
        "Net sales": 2835504,
        "Cost of goods sold": 2727455,
        "Gross Profit": 108048,
        "Financial expenses": 94834,
        "Of which: Interest expense": 81238,
        "Cost of sales": 7262,
        "Enterprise cost management": 20865,
        "Total Operating Expenses": 122961,
        "Total revenue financing activities": 4308,
        "Net profit from business activities": -10605,
        "Profit": -1347,
        "Profit before tax": -19366,
        "Present corporate income tax expenses": 3908,
        "Deferred income taxes expenses": "N/A",
        "The interests of minority shareholders": "N/A",
        "Total Cost of profits": 3908,
        "Profit after tax corporate income": -23275,
        "Volume": 186317161,
        "Close of Quarter": 12.6,
        "EPS": -106,
        "Non-adjusted EPS": -106,
        "PE": -118.9,
        "Book Price": 13.7
      }
    },
    {
      "quarter": "Q4 2012",
      "income status": {
        "Net sales": 3406423,
        "Cost of goods sold": 3272874,
        "Gross Profit": 133549,
        "Financial expenses": 55766,
        "Of which: Interest expense": 45944,
        "Cost of sales": 13842,
        "Enterprise cost management": 31455,
        "Total Operating Expenses": 101063,
        "Total revenue financing activities": 14646,
        "Net profit from business activities": 47132,
        "Profit": -2380,
        "Profit before tax": 27419,
        "Present corporate income tax expenses": 4951,
        "Deferred income taxes expenses": "N/A",
        "The interests of minority shareholders": "N/A",
        "Total Cost of profits": 4951,
        "Profit after tax corporate income": 22467,
        "Volume": 186317161,
        "Close of Quarter": 12.8,
        "EPS": 147,
        "Non-adjusted EPS": 147,
        "PE": 87.1,
        "Book Price": 13.9
      }
    },
    {
      "quarter": "Q3 2012",
      "income status": {
        "Net sales": 3580131,
        "Cost of goods sold": 3485547,
        "Gross Profit": 94584,
        "Financial expenses": 93109,
        "Of which: Interest expense": 88155,
        "Cost of sales": 11986,
        "Enterprise cost management": 16169,
        "Total Operating Expenses": 121264,
        "Total revenue financing activities": 4135,
        "Net profit from business activities": -22545,
        "Profit": -3226,
        "Profit before tax": -25771,
        "Present corporate income tax expenses": 2269,
        "Deferred income taxes expenses": 134,
        "The interests of minority shareholders": "N/A",
        "Total Cost of profits": 2403,
        "Profit after tax corporate income": -28173,
        "Volume": 186317161,
        "Close of Quarter": 12.5,
        "EPS": 127,
        "Non-adjusted EPS": 127,
        "PE": 98.4,
        "Book Price": 13.9
      }
    },
    {
      "quarter": "Q2 2012",
      "income status": {
        "Net sales": 2932746,
        "Cost of goods sold": 2824057,
        "Gross Profit": 108689,
        "Financial expenses": 57383,
        "Of which: Interest expense": 71322,
        "Cost of sales": 9809,
        "Enterprise cost management": 15717,
        "Total Operating Expenses": 82909,
        "Total revenue financing activities": -6574,
        "Net profit from business activities": 19207,
        "Profit": -2092,
        "Profit before tax": 14433,
        "Present corporate income tax expenses": 3020,
        "Deferred income taxes expenses": 1673,
        "The interests of minority shareholders": 459,
        "Total Cost of profits": 5152,
        "Profit after tax corporate income": 9281,
        "Volume": 186317161,
        "Close of Quarter": 13,
        "EPS": 678,
        "Non-adjusted EPS": 678,
        "PE": 19.2,
        "Book Price": 14
      }
    },
    {
      "quarter": "Q1 2012",
      "income status": {
        "Net sales": 2653356,
        "Cost of goods sold": 2521793,
        "Gross Profit": 131563,
        "Financial expenses": 85005,
        "Of which: Interest expense": 59758,
        "Cost of sales": 9357,
        "Enterprise cost management": 14471,
        "Total Operating Expenses": 108833,
        "Total revenue financing activities": 10876,
        "Net profit from business activities": 33606,
        "Profit": -3361,
        "Profit before tax": 27885,
        "Present corporate income tax expenses": 4523,
        "Deferred income taxes expenses": -520,
        "The interests of minority shareholders": "N/A",
        "Total Cost of profits": 4003,
        "Profit after tax corporate income": 23882,
        "Volume": 186317161,
        "Close of Quarter": 12.3,
        "EPS": 1372,
        "Non-adjusted EPS": 1372,
        "PE": 9.0,
        "Book Price": 15.4
      }
    },
    {
      "quarter": "Q4 2011",
      "income status": {
        "Net sales": 3074040,
        "Cost of goods sold": 2861929,
        "Gross Profit": 212111,
        "Financial expenses": 170100,
        "Of which: Interest expense": 60231,
        "Cost of sales": 10621,
        "Enterprise cost management": 27308,
        "Total Operating Expenses": 208029,
        "Total revenue financing activities": 17627,
        "Net profit from business activities": 21709,
        "Profit": 329,
        "Profit before tax": 18146,
        "Present corporate income tax expenses": -2179,
        "Deferred income taxes expenses": 910,
        "The interests of minority shareholders": 819,
        "Total Cost of profits": -450,
        "Profit after tax corporate income": 18596,
        "Volume": 186317161,
        "Close of Quarter": 8.3,
        "EPS": 2153,
        "Non-adjusted EPS": 2153,
        "PE": 3.9,
        "Book Price": 15.4
      }
    },
    {
      "quarter": "Q3 2011",
      "income status": {
        "Net sales": 3168181,
        "Cost of goods sold": 2945372,
        "Gross Profit": 222810,
        "Financial expenses": 133690,
        "Of which: Interest expense": 68841,
        "Cost of sales": 9168,
        "Enterprise cost management": 12217,
        "Total Operating Expenses": 155075,
        "Total revenue financing activities": 14551,
        "Net profit from business activities": 82285,
        "Profit": -6710,
        "Profit before tax": 79743,
        "Present corporate income tax expenses": 2955,
        "Deferred income taxes expenses": 1995,
        "The interests of minority shareholders": 319,
        "Total Cost of profits": 5269,
        "Profit after tax corporate income": 74474,
        "Volume": 186317161,
        "Close of Quarter": 12.4,
        "EPS": 2463,
        "Non-adjusted EPS": 2463,
        "PE": 5.0,
        "Book Price": 16.5
      }
    },
    {
      "quarter": "Q2 2011",
      "income status": {
        "Net sales": 2841722,
        "Cost of goods sold": 2527183,
        "Gross Profit": 314540,
        "Financial expenses": 174133,
        "Of which: Interest expense": 70134,
        "Cost of sales": 7199,
        "Enterprise cost management": 10429,
        "Total Operating Expenses": 191761,
        "Total revenue financing activities": 35915,
        "Net profit from business activities": 158692,
        "Profit": -1116,
        "Profit before tax": 154462,
        "Present corporate income tax expenses": 14457,
        "Deferred income taxes expenses": -175,
        "The interests of minority shareholders": 1565,
        "Total Cost of profits": 15847,
        "Profit after tax corporate income": 138615,
        "Volume": 186336991,
        "Close of Quarter": 15.9,
        "EPS": 2547.3,
        "Non-adjusted EPS": 2547,
        "PE": 6.2,
        "Book Price": 16.7
      }
    },
    {
      "quarter": "Q1 2011",
      "income status": {
        "Net sales": 2924718,
        "Cost of goods sold": 2457785,
        "Gross Profit": 466932,
        "Financial expenses": 281714,
        "Of which: Interest expense": 67619,
        "Cost of sales": 6255,
        "Enterprise cost management": 19213,
        "Total Operating Expenses": 307182,
        "Total revenue financing activities": 26012,
        "Net profit from business activities": 185762,
        "Profit": -8634,
        "Profit before tax": 180066,
        "Present corporate income tax expenses": 10618,
        "Deferred income taxes expenses": 2,
        "The interests of minority shareholders": "N/A",
        "Total Cost of profits": 10620,
        "Profit after tax corporate income": 169446,
        "Volume": 186336991,
        "Close of Quarter": 18.1,
        "EPS": 3040.3,
        "Non-adjusted EPS": 3040,
        "PE": 6.0,
        "Book Price": 16
      }
    },
    {
      "quarter": "Q4 2010",
      "income status": {
        "Net sales": 3290193,
        "Cost of goods sold": 2934311,
        "Gross Profit": 355882,
        "Financial expenses": 292834,
        "Of which: Interest expense": 59804,
        "Cost of sales": 8010,
        "Enterprise cost management": 14692,
        "Total Operating Expenses": 315536,
        "Total revenue financing activities": 17195,
        "Net profit from business activities": 57541,
        "Profit": -11957,
        "Profit before tax": 45583,
        "Present corporate income tax expenses": -31130,
        "Deferred income taxes expenses": 328,
        "The interests of minority shareholders": "N/A",
        "Total Cost of profits": -30802,
        "Profit after tax corporate income": 76386,
        "Volume": 187090511,
        "Close of Quarter": 23.1,
        "EPS": 3481.4,
        "Non-adjusted EPS": 3467,
        "PE": 6.7,
        "Book Price": 15.1
      }
    },
    {
      "quarter": "Q3 2010",
      "income status": {
        "Net sales": 3348101,
        "Cost of goods sold": 3089740,
        "Gross Profit": 258361,
        "Financial expenses": 168086,
        "Of which: Interest expense": 57377,
        "Cost of sales": 6511,
        "Enterprise cost management": 9667,
        "Total Operating Expenses": 184264,
        "Total revenue financing activities": 24263,
        "Net profit from business activities": 98361,
        "Profit": -8226,
        "Profit before tax": 90135,
        "Present corporate income tax expenses": "N/A",
        "Deferred income taxes expenses": 4,
        "The interests of minority shareholders": "N/A",
        "Total Cost of profits": 4,
        "Profit after tax corporate income": 90130,
        "Volume": 187449951,
        "Close of Quarter": 23.9,
        "EPS": 3281.8,
        "Non-adjusted EPS": 3262,
        "PE": 7.3,
        "Book Price": 14.8
      }
    },
    {
      "quarter": "Q2 2010",
      "income status": {
        "Net sales": 2284040,
        "Cost of goods sold": 1971372,
        "Gross Profit": 312668,
        "Financial expenses": 147613,
        "Of which: Interest expense": 54892,
        "Cost of sales": 5806,
        "Enterprise cost management": 7755,
        "Total Operating Expenses": 161174,
        "Total revenue financing activities": 96173,
        "Net profit from business activities": 247667,
        "Profit": -7975,
        "Profit before tax": 239693,
        "Present corporate income tax expenses": 9141,
        "Deferred income taxes expenses": 36,
        "The interests of minority shareholders": "N/A",
        "Total Cost of profits": 9177,
        "Profit after tax corporate income": 230516,
        "Volume": 163000000,
        "Close of Quarter": 28.7,
        "EPS": 3824.0,
        "Non-adjusted EPS": 4371,
        "PE": 6.6,
        "Book Price": 14.5
      }
    },
    {
      "quarter": "Q1 2010",
      "income status": {
        "Net sales": 2281434,
        "Cost of goods sold": 1862913,
        "Gross Profit": 418521,
        "Financial expenses": 163506,
        "Of which: Interest expense": 47389,
        "Cost of sales": 5424,
        "Enterprise cost management": 7712,
        "Total Operating Expenses": 176642,
        "Total revenue financing activities": 27086,
        "Net profit from business activities": 268964,
        "Profit": -6683,
        "Profit before tax": 262281,
        "Present corporate income tax expenses": 10208,
        "Deferred income taxes expenses": 537,
        "The interests of minority shareholders": "N/A",
        "Total Cost of profits": 10745,
        "Profit after tax corporate income": 251536,
        "Volume": 163000000,
        "Close of Quarter": "N/A",
        "EPS": 3544.0,
        "Non-adjusted EPS": 4051,
        "PE": "N/A",
        "Book Price": 12.3
      }
    },
    {
      "quarter": "Q4 2009",
      "income status": {
        "Net sales": 1402266,
        "Cost of goods sold": 1204917,
        "Gross Profit": 197349,
        "Financial expenses": 78895,
        "Of which: Interest expense": 20004,
        "Cost of sales": 4191,
        "Enterprise cost management": 3416,
        "Total Operating Expenses": 86502,
        "Total revenue financing activities": 25510,
        "Net profit from business activities": 136357,
        "Profit": -9578,
        "Profit before tax": 126779,
        "Present corporate income tax expenses": 86050,
        "Deferred income taxes expenses": 1506,
        "The interests of minority shareholders": "N/A",
        "Total Cost of profits": 87556,
        "Profit after tax corporate income": 39223,
        "Volume": 163000000,
        "Close of Quarter": "N/A",
        "EPS": 2765.4,
        "Non-adjusted EPS": 3161,
        "PE": "N/A",
        "Book Price": "N/A"
      }
    },
    {
      "quarter": "Q3 2009",
      "income status": {
        "Net sales": 1413553,
        "Cost of goods sold": 1141012,
        "Gross Profit": 272540,
        "Financial expenses": 65005,
        "Of which: Interest expense": 11608,
        "Cost of sales": 4913,
        "Enterprise cost management": 2419,
        "Total Operating Expenses": 72337,
        "Total revenue financing activities": 14483,
        "Net profit from business activities": 214687,
        "Profit": -8074,
        "Profit before tax": 206613,
        "Present corporate income tax expenses": 15452,
        "Deferred income taxes expenses": "N/A",
        "The interests of minority shareholders": "N/A",
        "Total Cost of profits": 15452,
        "Profit after tax corporate income": 191161,
        "Volume": 163000000,
        "Close of Quarter": "N/A",
        "EPS": 2555.4,
        "Non-adjusted EPS": 2921,
        "PE": "N/A",
        "Book Price": "N/A"
      }
    },
    {
      "quarter": "Q2 2009",
      "income status": {
        "Net sales": 1654400,
        "Cost of goods sold": 1418688,
        "Gross Profit": 235711,
        "Financial expenses": 32994,
        "Of which: Interest expense": 6993,
        "Cost of sales": 3534,
        "Enterprise cost management": 2522,
        "Total Operating Expenses": 39050,
        "Total revenue financing activities": 4673,
        "Net profit from business activities": 201334,
        "Profit": -8313,
        "Profit before tax": 193022,
        "Present corporate income tax expenses": 14555,
        "Deferred income taxes expenses": "N/A",
        "The interests of minority shareholders": "N/A",
        "Total Cost of profits": 14555,
        "Profit after tax corporate income": 178467,
        "Volume": 163000000,
        "Close of Quarter": "N/A",
        "EPS": 1529.2,
        "Non-adjusted EPS": 1748,
        "PE": "N/A",
        "Book Price": "N/A"
      }
    },
    {
      "quarter": "Q1 2009",
      "income status": {
        "Net sales": 1278799,
        "Cost of goods sold": 1137020,
        "Gross Profit": 141780,
        "Financial expenses": 15408,
        "Of which: Interest expense": 9534,
        "Cost of sales": 2656,
        "Enterprise cost management": 2069,
        "Total Operating Expenses": 20133,
        "Total revenue financing activities": 1658,
        "Net profit from business activities": 123305,
        "Profit": -8304,
        "Profit before tax": 115001,
        "Present corporate income tax expenses": 8560,
        "Deferred income taxes expenses": "N/A",
        "The interests of minority shareholders": "N/A",
        "Total Cost of profits": 8560,
        "Profit after tax corporate income": 106441,
        "Volume": 163000000,
        "Close of Quarter": "N/A",
        "EPS": 571.3,
        "Non-adjusted EPS": 653,
        "PE": "N/A",
        "Book Price": "N/A"
      }
    }
  ]
}