{
  "ticker": "APC",
  "data": [
    {
      "quarter": "Q1 2017",
      "income status": {
        "Net sales": 28155,
        "Cost of goods sold": 10810,
        "Gross Profit": 17345,
        "Financial expenses": 183,
        "Of which: Interest expense": 183,
        "Cost of sales": 211,
        "Enterprise cost management": 3621,
        "Total Operating Expenses": 4015,
        "Total revenue financing activities": 288,
        "Net profit from business activities": 13618,
        "Profit": "N/A",
        "Profit before tax": 13618,
        "Present corporate income tax expenses": 2964,
        "Deferred income taxes expenses": "N/A",
        "The interests of minority shareholders": "N/A",
        "Total Cost of profits": 2964,
        "Profit after tax corporate income": 10653,
        "Volume": 12013000,
        "Close of Quarter": 23.6,
        "EPS": 3771,
        "Non-adjusted EPS": 3771,
        "PE": 6.3,
        "Book Price": 19
      }
    },
    {
      "quarter": "Q4 2016",
      "income status": {
        "Net sales": 35818,
        "Cost of goods sold": 14097,
        "Gross Profit": 21721,
        "Financial expenses": 261,
        "Of which: Interest expense": 173,
        "Cost of sales": 624,
        "Enterprise cost management": 4387,
        "Total Operating Expenses": 5272,
        "Total revenue financing activities": 15,
        "Net profit from business activities": 16464,
        "Profit": -1,
        "Profit before tax": 16463,
        "Present corporate income tax expenses": 4211,
        "Deferred income taxes expenses": "N/A",
        "The interests of minority shareholders": "N/A",
        "Total Cost of profits": 4211,
        "Profit after tax corporate income": 12252,
        "Volume": 12013000,
        "Close of Quarter": 18.1,
        "EPS": 3410,
        "Non-adjusted EPS": 3410,
        "PE": 5.3,
        "Book Price": 18.4
      }
    },
    {
      "quarter": "Q3 2016",
      "income status": {
        "Net sales": 28722,
        "Cost of goods sold": 11682,
        "Gross Profit": 17040,
        "Financial expenses": 318,
        "Of which: Interest expense": 318,
        "Cost of sales": 424,
        "Enterprise cost management": 3087,
        "Total Operating Expenses": 3829,
        "Total revenue financing activities": 19,
        "Net profit from business activities": 13230,
        "Profit": -165,
        "Profit before tax": 13066,
        "Present corporate income tax expenses": 2764,
        "Deferred income taxes expenses": "N/A",
        "The interests of minority shareholders": "N/A",
        "Total Cost of profits": 2764,
        "Profit after tax corporate income": 10301,
        "Volume": 12013000,
        "Close of Quarter": 18.8,
        "EPS": 2991,
        "Non-adjusted EPS": 2991,
        "PE": 6.3,
        "Book Price": 17.4
      }
    },
    {
      "quarter": "Q2 2016",
      "income status": {
        "Net sales": 22467,
        "Cost of goods sold": 10710,
        "Gross Profit": 11757,
        "Financial expenses": 376,
        "Of which: Interest expense": 376,
        "Cost of sales": 19,
        "Enterprise cost management": 3189,
        "Total Operating Expenses": 3584,
        "Total revenue financing activities": 5743,
        "Net profit from business activities": 13915,
        "Profit": -12,
        "Profit before tax": 13903,
        "Present corporate income tax expenses": 1813,
        "Deferred income taxes expenses": "N/A",
        "The interests of minority shareholders": "N/A",
        "Total Cost of profits": 1813,
        "Profit after tax corporate income": 12090,
        "Volume": 12013000,
        "Close of Quarter": 17.5,
        "EPS": 2778,
        "Non-adjusted EPS": 2778,
        "PE": 6.3,
        "Book Price": 16.5
      }
    },
    {
      "quarter": "Q1 2016",
      "income status": {
        "Net sales": 23424,
        "Cost of goods sold": 12069,
        "Gross Profit": 11355,
        "Financial expenses": 426,
        "Of which: Interest expense": 426,
        "Cost of sales": 381,
        "Enterprise cost management": 2782,
        "Total Operating Expenses": 3589,
        "Total revenue financing activities": 180,
        "Net profit from business activities": 7945,
        "Profit": 22,
        "Profit before tax": 7966,
        "Present corporate income tax expenses": 1642,
        "Deferred income taxes expenses": "N/A",
        "The interests of minority shareholders": "N/A",
        "Total Cost of profits": 1642,
        "Profit after tax corporate income": 6324,
        "Volume": 12013000,
        "Close of Quarter": 16.2,
        "EPS": 2342,
        "Non-adjusted EPS": 2342,
        "PE": 6.9,
        "Book Price": 16.3
      }
    },
    {
      "quarter": "Q4 2015",
      "income status": {
        "Net sales": 27817,
        "Cost of goods sold": 13120,
        "Gross Profit": 14697,
        "Financial expenses": 531,
        "Of which: Interest expense": 503,
        "Cost of sales": 1004,
        "Enterprise cost management": 3706,
        "Total Operating Expenses": 5241,
        "Total revenue financing activities": 127,
        "Net profit from business activities": 9583,
        "Profit": "N/A",
        "Profit before tax": 9583,
        "Present corporate income tax expenses": 2363,
        "Deferred income taxes expenses": "N/A",
        "The interests of minority shareholders": "N/A",
        "Total Cost of profits": 2363,
        "Profit after tax corporate income": 7220,
        "Volume": 12013000,
        "Close of Quarter": 17.6,
        "EPS": 2279,
        "Non-adjusted EPS": 2279,
        "PE": 7.7,
        "Book Price": 15.8
      }
    },
    {
      "quarter": "Q3 2015",
      "income status": {
        "Net sales": 24753,
        "Cost of goods sold": 10713,
        "Gross Profit": 14040,
        "Financial expenses": 1079,
        "Of which: Interest expense": 454,
        "Cost of sales": 604,
        "Enterprise cost management": 2811,
        "Total Operating Expenses": 4494,
        "Total revenue financing activities": 82,
        "Net profit from business activities": 9629,
        "Profit": 5,
        "Profit before tax": 9634,
        "Present corporate income tax expenses": 1898,
        "Deferred income taxes expenses": "N/A",
        "The interests of minority shareholders": "N/A",
        "Total Cost of profits": 1898,
        "Profit after tax corporate income": 7735,
        "Volume": 12013000,
        "Close of Quarter": 16.8,
        "EPS": 2235,
        "Non-adjusted EPS": 2235,
        "PE": 7.5,
        "Book Price": 15.2
      }
    },
    {
      "quarter": "Q2 2015",
      "income status": {
        "Net sales": 27343,
        "Cost of goods sold": 13412,
        "Gross Profit": 13931,
        "Financial expenses": 786,
        "Of which: Interest expense": 517,
        "Cost of sales": 464,
        "Enterprise cost management": 2847,
        "Total Operating Expenses": 4097,
        "Total revenue financing activities": 249,
        "Net profit from business activities": 10083,
        "Profit": -390,
        "Profit before tax": 9693,
        "Present corporate income tax expenses": 2107,
        "Deferred income taxes expenses": 735,
        "The interests of minority shareholders": "N/A",
        "Total Cost of profits": 2842,
        "Profit after tax corporate income": 6851,
        "Volume": 12013000,
        "Close of Quarter": 17.4,
        "EPS": 2143,
        "Non-adjusted EPS": 2143,
        "PE": 8.1,
        "Book Price": 14.6
      }
    },
    {
      "quarter": "Q1 2015",
      "income status": {
        "Net sales": 22035,
        "Cost of goods sold": 10808,
        "Gross Profit": 11228,
        "Financial expenses": 898,
        "Of which: Interest expense": 624,
        "Cost of sales": 617,
        "Enterprise cost management": 2607,
        "Total Operating Expenses": 4122,
        "Total revenue financing activities": 112,
        "Net profit from business activities": 7218,
        "Profit": -15,
        "Profit before tax": 7202,
        "Present corporate income tax expenses": 1292,
        "Deferred income taxes expenses": 341,
        "The interests of minority shareholders": "N/A",
        "Total Cost of profits": 1633,
        "Profit after tax corporate income": 5569,
        "Volume": 12013000,
        "Close of Quarter": 15.9,
        "EPS": 2006,
        "Non-adjusted EPS": 2006,
        "PE": 7.9,
        "Book Price": 14.6
      }
    },
    {
      "quarter": "Q4 2014",
      "income status": {
        "Net sales": 28780,
        "Cost of goods sold": 13458,
        "Gross Profit": 15322,
        "Financial expenses": 799,
        "Of which: Interest expense": 709,
        "Cost of sales": 1249,
        "Enterprise cost management": 4017,
        "Total Operating Expenses": 6065,
        "Total revenue financing activities": 122,
        "Net profit from business activities": 9380,
        "Profit": -572,
        "Profit before tax": 8808,
        "Present corporate income tax expenses": 1523,
        "Deferred income taxes expenses": 594,
        "The interests of minority shareholders": "N/A",
        "Total Cost of profits": 2117,
        "Profit after tax corporate income": 6691,
        "Volume": 12013000,
        "Close of Quarter": 16.3,
        "EPS": 2016,
        "Non-adjusted EPS": 2016,
        "PE": 8.1,
        "Book Price": 14.3
      }
    },
    {
      "quarter": "Q3 2014",
      "income status": {
        "Net sales": 24749,
        "Cost of goods sold": 11766,
        "Gross Profit": 12983,
        "Financial expenses": 878,
        "Of which: Interest expense": 874,
        "Cost of sales": 1076,
        "Enterprise cost management": 2883,
        "Total Operating Expenses": 4837,
        "Total revenue financing activities": 188,
        "Net profit from business activities": 8333,
        "Profit": 1,
        "Profit before tax": 8333,
        "Present corporate income tax expenses": 1220,
        "Deferred income taxes expenses": 476,
        "The interests of minority shareholders": "N/A",
        "Total Cost of profits": 1696,
        "Profit after tax corporate income": 6638,
        "Volume": 11440600,
        "Close of Quarter": 15.3,
        "EPS": 1873.3,
        "Non-adjusted EPS": 1967,
        "PE": 7.8,
        "Book Price": 13.9
      }
    },
    {
      "quarter": "Q2 2014",
      "income status": {
        "Net sales": 22707,
        "Cost of goods sold": 11404,
        "Gross Profit": 11303,
        "Financial expenses": 1220,
        "Of which: Interest expense": 871,
        "Cost of sales": 842,
        "Enterprise cost management": 2717,
        "Total Operating Expenses": 4779,
        "Total revenue financing activities": 102,
        "Net profit from business activities": 6626,
        "Profit": 5,
        "Profit before tax": 6632,
        "Present corporate income tax expenses": 1490,
        "Deferred income taxes expenses": -53,
        "The interests of minority shareholders": "N/A",
        "Total Cost of profits": 1437,
        "Profit after tax corporate income": 5195,
        "Volume": 11440600,
        "Close of Quarter": 13.4,
        "EPS": 1819.9,
        "Non-adjusted EPS": 1911,
        "PE": 7,
        "Book Price": 14
      }
    },
    {
      "quarter": "Q1 2014",
      "income status": {
        "Net sales": 21563,
        "Cost of goods sold": 10603,
        "Gross Profit": 10960,
        "Financial expenses": 937,
        "Of which: Interest expense": 937,
        "Cost of sales": 597,
        "Enterprise cost management": 2448,
        "Total Operating Expenses": 3982,
        "Total revenue financing activities": 60,
        "Net profit from business activities": 7037,
        "Profit": 3,
        "Profit before tax": 7040,
        "Present corporate income tax expenses": 1728,
        "Deferred income taxes expenses": -379,
        "The interests of minority shareholders": "N/A",
        "Total Cost of profits": 1349,
        "Profit after tax corporate income": 5690,
        "Volume": 11440600,
        "Close of Quarter": 11.9,
        "EPS": 1756.1,
        "Non-adjusted EPS": 1844,
        "PE": 6.5,
        "Book Price": 13.5
      }
    },
    {
      "quarter": "Q4 2013",
      "income status": {
        "Net sales": 29756,
        "Cost of goods sold": 15350,
        "Gross Profit": 14406,
        "Financial expenses": 1891,
        "Of which: Interest expense": 1380,
        "Cost of sales": 1707,
        "Enterprise cost management": 4917,
        "Total Operating Expenses": 8515,
        "Total revenue financing activities": 170,
        "Net profit from business activities": 6062,
        "Profit": -553,
        "Profit before tax": 5509,
        "Present corporate income tax expenses": 527,
        "Deferred income taxes expenses": "N/A",
        "The interests of minority shareholders": "N/A",
        "Total Cost of profits": 527,
        "Profit after tax corporate income": 4982,
        "Volume": 11440600,
        "Close of Quarter": 11.7,
        "EPS": 1186.6,
        "Non-adjusted EPS": 1246,
        "PE": 9.4,
        "Book Price": 13.1
      }
    },
    {
      "quarter": "Q3 2013",
      "income status": {
        "Net sales": 25246,
        "Cost of goods sold": 12031,
        "Gross Profit": 13214,
        "Financial expenses": 1682,
        "Of which: Interest expense": 1641,
        "Cost of sales": 940,
        "Enterprise cost management": 3181,
        "Total Operating Expenses": 5803,
        "Total revenue financing activities": 16,
        "Net profit from business activities": 7428,
        "Profit": 1,
        "Profit before tax": 7428,
        "Present corporate income tax expenses": 1436,
        "Deferred income taxes expenses": "N/A",
        "The interests of minority shareholders": "N/A",
        "Total Cost of profits": 1436,
        "Profit after tax corporate income": 5992,
        "Volume": 11440600,
        "Close of Quarter": 8.7,
        "EPS": 828.6,
        "Non-adjusted EPS": 870,
        "PE": 10.0,
        "Book Price": 13.5
      }
    },
    {
      "quarter": "Q2 2013",
      "income status": {
        "Net sales": 22287,
        "Cost of goods sold": 11675,
        "Gross Profit": 10612,
        "Financial expenses": 1806,
        "Of which: Interest expense": 1769,
        "Cost of sales": 694,
        "Enterprise cost management": 1741,
        "Total Operating Expenses": 4241,
        "Total revenue financing activities": 19,
        "Net profit from business activities": 6391,
        "Profit": -355,
        "Profit before tax": 6035,
        "Present corporate income tax expenses": 1605,
        "Deferred income taxes expenses": "N/A",
        "The interests of minority shareholders": "N/A",
        "Total Cost of profits": 1605,
        "Profit after tax corporate income": 4431,
        "Volume": 11440600,
        "Close of Quarter": 8.0,
        "EPS": 840.0,
        "Non-adjusted EPS": 882,
        "PE": 9.1,
        "Book Price": 13.1
      }
    },
    {
      "quarter": "Q1 2013",
      "income status": {
        "Net sales": 16220,
        "Cost of goods sold": 11610,
        "Gross Profit": 4610,
        "Financial expenses": 1829,
        "Of which: Interest expense": 1821,
        "Cost of sales": 782,
        "Enterprise cost management": 2530,
        "Total Operating Expenses": 5141,
        "Total revenue financing activities": 18,
        "Net profit from business activities": -512,
        "Profit": -2,
        "Profit before tax": -514,
        "Present corporate income tax expenses": 639,
        "Deferred income taxes expenses": "N/A",
        "The interests of minority shareholders": "N/A",
        "Total Cost of profits": 639,
        "Profit after tax corporate income": -1153,
        "Volume": 11440600,
        "Close of Quarter": 8.1,
        "EPS": 883.8,
        "Non-adjusted EPS": 928,
        "PE": 8.8,
        "Book Price": 12.7
      }
    },
    {
      "quarter": "Q4 2012",
      "income status": {
        "Net sales": 23611,
        "Cost of goods sold": 10339,
        "Gross Profit": 13272,
        "Financial expenses": 2554,
        "Of which: Interest expense": 2481,
        "Cost of sales": 971,
        "Enterprise cost management": 5612,
        "Total Operating Expenses": 9137,
        "Total revenue financing activities": 52,
        "Net profit from business activities": 4187,
        "Profit": -2708,
        "Profit before tax": 1479,
        "Present corporate income tax expenses": 791,
        "Deferred income taxes expenses": "N/A",
        "The interests of minority shareholders": "N/A",
        "Total Cost of profits": 791,
        "Profit after tax corporate income": 688,
        "Volume": 11440600,
        "Close of Quarter": 8.3,
        "EPS": 1102.8,
        "Non-adjusted EPS": 1158,
        "PE": 7.2,
        "Book Price": 12.8
      }
    },
    {
      "quarter": "Q3 2012",
      "income status": {
        "Net sales": 28319,
        "Cost of goods sold": 12038,
        "Gross Profit": 16281,
        "Financial expenses": 2551,
        "Of which: Interest expense": 2544,
        "Cost of sales": 1046,
        "Enterprise cost management": 2434,
        "Total Operating Expenses": 6031,
        "Total revenue financing activities": 19,
        "Net profit from business activities": 10267,
        "Profit": -2906,
        "Profit before tax": 7362,
        "Present corporate income tax expenses": 1232,
        "Deferred income taxes expenses": "N/A",
        "The interests of minority shareholders": "N/A",
        "Total Cost of profits": 1232,
        "Profit after tax corporate income": 6130,
        "Volume": 11440600,
        "Close of Quarter": 8.3,
        "EPS": 1714.2,
        "Non-adjusted EPS": 1800,
        "PE": 4.6,
        "Book Price": 12.8
      }
    },
    {
      "quarter": "Q2 2012",
      "income status": {
        "Net sales": 25014,
        "Cost of goods sold": 7708,
        "Gross Profit": 17306,
        "Financial expenses": 2655,
        "Of which: Interest expense": 2647,
        "Cost of sales": 1209,
        "Enterprise cost management": 2142,
        "Total Operating Expenses": 6006,
        "Total revenue financing activities": 30,
        "Net profit from business activities": 11330,
        "Profit": -5819,
        "Profit before tax": 5511,
        "Present corporate income tax expenses": 861,
        "Deferred income taxes expenses": -302,
        "The interests of minority shareholders": "N/A",
        "Total Cost of profits": 559,
        "Profit after tax corporate income": 4951,
        "Volume": 11440600,
        "Close of Quarter": 9.2,
        "EPS": 1939.9,
        "Non-adjusted EPS": 2037,
        "PE": 4.5,
        "Book Price": 12.3
      }
    },
    {
      "quarter": "Q1 2012",
      "income status": {
        "Net sales": 24019,
        "Cost of goods sold": 13318,
        "Gross Profit": 10701,
        "Financial expenses": 3252,
        "Of which: Interest expense": 3177,
        "Cost of sales": 2613,
        "Enterprise cost management": 2386,
        "Total Operating Expenses": 8251,
        "Total revenue financing activities": 61,
        "Net profit from business activities": 2511,
        "Profit": -61,
        "Profit before tax": 2450,
        "Present corporate income tax expenses": 972,
        "Deferred income taxes expenses": "N/A",
        "The interests of minority shareholders": "N/A",
        "Total Cost of profits": 972,
        "Profit after tax corporate income": 1478,
        "Volume": 11440600,
        "Close of Quarter": 11.7,
        "EPS": 2223.7,
        "Non-adjusted EPS": 2335,
        "PE": 5.0,
        "Book Price": 13.1
      }
    },
    {
      "quarter": "Q4 2011",
      "income status": {
        "Net sales": 35588,
        "Cost of goods sold": 20014,
        "Gross Profit": 15573,
        "Financial expenses": 4975,
        "Of which: Interest expense": 2871,
        "Cost of sales": 1485,
        "Enterprise cost management": 2069,
        "Total Operating Expenses": 8529,
        "Total revenue financing activities": 377,
        "Net profit from business activities": 7422,
        "Profit": -4,
        "Profit before tax": 7418,
        "Present corporate income tax expenses": -614,
        "Deferred income taxes expenses": "N/A",
        "The interests of minority shareholders": "N/A",
        "Total Cost of profits": -614,
        "Profit after tax corporate income": 8032,
        "Volume": 11440600,
        "Close of Quarter": 11.0,
        "EPS": 2935.2,
        "Non-adjusted EPS": 3082,
        "PE": 3.6,
        "Book Price": 13.0
      }
    },
    {
      "quarter": "Q3 2011",
      "income status": {
        "Net sales": 23577,
        "Cost of goods sold": 9724,
        "Gross Profit": 13854,
        "Financial expenses": 291,
        "Of which: Interest expense": 123,
        "Cost of sales": 1676,
        "Enterprise cost management": 2096,
        "Total Operating Expenses": 4063,
        "Total revenue financing activities": 81,
        "Net profit from business activities": 9871,
        "Profit": -16,
        "Profit before tax": 30751,
        "Present corporate income tax expenses": 1009,
        "Deferred income taxes expenses": "N/A",
        "The interests of minority shareholders": "N/A",
        "Total Cost of profits": 1009,
        "Profit after tax corporate income": 8846,
        "Volume": 11440600,
        "Close of Quarter": 10.0,
        "EPS": 3039.9,
        "Non-adjusted EPS": 3192,
        "PE": 3.1,
        "Book Price": 12.5
      }
    },
    {
      "quarter": "Q2 2011",
      "income status": {
        "Net sales": 33185,
        "Cost of goods sold": 17748,
        "Gross Profit": 15438,
        "Financial expenses": 297,
        "Of which: Interest expense": 228,
        "Cost of sales": 4930,
        "Enterprise cost management": 1424,
        "Total Operating Expenses": 6651,
        "Total revenue financing activities": 629,
        "Net profit from business activities": 9416,
        "Profit": -85,
        "Profit before tax": 9331,
        "Present corporate income tax expenses": 970,
        "Deferred income taxes expenses": "N/A",
        "The interests of minority shareholders": "N/A",
        "Total Cost of profits": 970,
        "Profit after tax corporate income": 8360,
        "Volume": 11440600,
        "Close of Quarter": 9.4,
        "EPS": 2960.9,
        "Non-adjusted EPS": 3109,
        "PE": 3.0,
        "Book Price": 11.8
      }
    },
    {
      "quarter": "Q1 2011",
      "income status": {
        "Net sales": 30448,
        "Cost of goods sold": 15004,
        "Gross Profit": 15445,
        "Financial expenses": 28,
        "Of which: Interest expense": "N/A",
        "Cost of sales": 5706,
        "Enterprise cost management": 1296,
        "Total Operating Expenses": 7030,
        "Total revenue financing activities": 3257,
        "Net profit from business activities": 11671,
        "Profit": 5,
        "Profit before tax": 11676,
        "Present corporate income tax expenses": 1653,
        "Deferred income taxes expenses": "N/A",
        "The interests of minority shareholders": "N/A",
        "Total Cost of profits": 1653,
        "Profit after tax corporate income": 10023,
        "Volume": 11442100,
        "Close of Quarter": 8.4,
        "EPS": 2657.4,
        "Non-adjusted EPS": 2790,
        "PE": 3.0,
        "Book Price": 13.1
      }
    },
    {
      "quarter": "Q4 2010",
      "income status": {
        "Net sales": 24201,
        "Cost of goods sold": 9767,
        "Gross Profit": 14435,
        "Financial expenses": 8,
        "Of which: Interest expense": 8,
        "Cost of sales": 2212,
        "Enterprise cost management": 1554,
        "Total Operating Expenses": 3774,
        "Total revenue financing activities": 49,
        "Net profit from business activities": 10710,
        "Profit": -10,
        "Profit before tax": 10700,
        "Present corporate income tax expenses": 1409,
        "Deferred income taxes expenses": "N/A",
        "The interests of minority shareholders": "N/A",
        "Total Cost of profits": 1409,
        "Profit after tax corporate income": 9290,
        "Volume": 11442100,
        "Close of Quarter": 8.4,
        "EPS": 2087.8,
        "Non-adjusted EPS": 2192,
        "PE": 3.8,
        "Book Price": 12.2
      }
    },
    {
      "quarter": "Q3 2010",
      "income status": {
        "Net sales": 17091,
        "Cost of goods sold": 5908,
        "Gross Profit": 11183,
        "Financial expenses": 37,
        "Of which: Interest expense": 37,
        "Cost of sales": 1031,
        "Enterprise cost management": 1343,
        "Total Operating Expenses": 2411,
        "Total revenue financing activities": 29,
        "Net profit from business activities": 8801,
        "Profit": -24,
        "Profit before tax": 8777,
        "Present corporate income tax expenses": 880,
        "Deferred income taxes expenses": "N/A",
        "The interests of minority shareholders": "N/A",
        "Total Cost of profits": 880,
        "Profit after tax corporate income": 7898,
        "Volume": 11442100,
        "Close of Quarter": 9.7,
        "EPS": 1695.4,
        "Non-adjusted EPS": 1780,
        "PE": 5.4,
        "Book Price": 11.5
      }
    },
    {
      "quarter": "Q2 2010",
      "income status": {
        "Net sales": 14303,
        "Cost of goods sold": 6955,
        "Gross Profit": 7348,
        "Financial expenses": 46,
        "Of which: Interest expense": 46,
        "Cost of sales": 635,
        "Enterprise cost management": 1460,
        "Total Operating Expenses": 2141,
        "Total revenue financing activities": 49,
        "Net profit from business activities": 5256,
        "Profit": -14,
        "Profit before tax": 5242,
        "Present corporate income tax expenses": 524,
        "Deferred income taxes expenses": "N/A",
        "The interests of minority shareholders": "N/A",
        "Total Cost of profits": 524,
        "Profit after tax corporate income": 4718,
        "Volume": 8640000,
        "Close of Quarter": 13.0,
        "EPS": 1642.7,
        "Non-adjusted EPS": 2284,
        "PE": 5.7,
        "Book Price": 10.9
      }
    },
    {
      "quarter": "Q1 2010",
      "income status": {
        "Net sales": 11461,
        "Cost of goods sold": 5766,
        "Gross Profit": 5695,
        "Financial expenses": 47,
        "Of which: Interest expense": 47,
        "Cost of sales": 627,
        "Enterprise cost management": 1407,
        "Total Operating Expenses": 2081,
        "Total revenue financing activities": 25,
        "Net profit from business activities": 3638,
        "Profit": -112,
        "Profit before tax": 3526,
        "Present corporate income tax expenses": 353,
        "Deferred income taxes expenses": "N/A",
        "The interests of minority shareholders": "N/A",
        "Total Cost of profits": 353,
        "Profit after tax corporate income": 3174,
        "Volume": 8640000,
        "Close of Quarter": 14.5,
        "EPS": 2055.5,
        "Non-adjusted EPS": 2858,
        "PE": 5.1,
        "Book Price": 10.1
      }
    },
    {
      "quarter": "Q4 2009",
      "income status": {
        "Net sales": 13226,
        "Cost of goods sold": 6400,
        "Gross Profit": 6827,
        "Financial expenses": 76,
        "Of which: Interest expense": 76,
        "Cost of sales": 607,
        "Enterprise cost management": 1461,
        "Total Operating Expenses": 2144,
        "Total revenue financing activities": 252,
        "Net profit from business activities": 4934,
        "Profit": 14,
        "Profit before tax": 4948,
        "Present corporate income tax expenses": 375,
        "Deferred income taxes expenses": "N/A",
        "The interests of minority shareholders": "N/A",
        "Total Cost of profits": 375,
        "Profit after tax corporate income": 4573,
        "Volume": 8640000,
        "Close of Quarter": "N/A",
        "EPS": 2390.7,
        "Non-adjusted EPS": 3324,
        "PE": "N/A",
        "Book Price": 9.9
      }
    },
    {
      "quarter": "Q3 2009",
      "income status": {
        "Net sales": 16592,
        "Cost of goods sold": 6769,
        "Gross Profit": 9823,
        "Financial expenses": 100,
        "Of which: Interest expense": 100,
        "Cost of sales": 545,
        "Enterprise cost management": 1585,
        "Total Operating Expenses": 2230,
        "Total revenue financing activities": 227,
        "Net profit from business activities": 7820,
        "Profit": 1,
        "Profit before tax": 7820,
        "Present corporate income tax expenses": 549,
        "Deferred income taxes expenses": "N/A",
        "The interests of minority shareholders": "N/A",
        "Total Cost of profits": 549,
        "Profit after tax corporate income": 7272,
        "Volume": 8640000,
        "Close of Quarter": "N/A",
        "EPS": 2010.2,
        "Non-adjusted EPS": 2795,
        "PE": "N/A",
        "Book Price": "N/A"
      }
    },
    {
      "quarter": "Q2 2009",
      "income status": {
        "Net sales": 17676,
        "Cost of goods sold": 5713,
        "Gross Profit": 11963,
        "Financial expenses": -240,
        "Of which: Interest expense": 155,
        "Cost of sales": 673,
        "Enterprise cost management": 1322,
        "Total Operating Expenses": 1755,
        "Total revenue financing activities": 195,
        "Net profit from business activities": 10403,
        "Profit": -6,
        "Profit before tax": 10398,
        "Present corporate income tax expenses": 728,
        "Deferred income taxes expenses": "N/A",
        "The interests of minority shareholders": "N/A",
        "Total Cost of profits": 728,
        "Profit after tax corporate income": 9670,
        "Volume": 8640000,
        "Close of Quarter": "N/A",
        "EPS": 1404.6,
        "Non-adjusted EPS": 1953,
        "PE": "N/A",
        "Book Price": "N/A"
      }
    },
    {
      "quarter": "Q1 2009",
      "income status": {
        "Net sales": 13786,
        "Cost of goods sold": 4937,
        "Gross Profit": 8850,
        "Financial expenses": 173,
        "Of which: Interest expense": 173,
        "Cost of sales": 444,
        "Enterprise cost management": 1003,
        "Total Operating Expenses": 1620,
        "Total revenue financing activities": 494,
        "Net profit from business activities": 7724,
        "Profit": 22,
        "Profit before tax": 7746,
        "Present corporate income tax expenses": 542,
        "Deferred income taxes expenses": "N/A",
        "The interests of minority shareholders": "N/A",
        "Total Cost of profits": 542,
        "Profit after tax corporate income": 7204,
        "Volume": 8640000,
        "Close of Quarter": "N/A",
        "EPS": 599.8,
        "Non-adjusted EPS": 834,
        "PE": "N/A",
        "Book Price": "N/A"
      }
    }
  ]
}