{
  "ticker": "CCM",
  "data": [
    {
      "quarter": "Q1 2017",
      "income status": {
        "Net sales": 158610,
        "Cost of goods sold": 131565,
        "Gross Profit": 27046,
        "Financial expenses": 2489,
        "Of which: Interest expense": 2509,
        "Cost of sales": 2659,
        "Enterprise cost management": 2780,
        "Total Operating Expenses": 7928,
        "Total revenue financing activities": 8,
        "Net profit from business activities": 19126,
        "Profit": -897,
        "Profit before tax": 18229,
        "Present corporate income tax expenses": 1964,
        "Deferred income taxes expenses": "N/A",
        "The interests of minority shareholders": "N/A",
        "Total Cost of profits": 1964,
        "Profit after tax corporate income": 16265,
        "Volume": 4600000,
        "Close of Quarter": 11.5,
        "EPS": 5961,
        "Non-adjusted EPS": 5961,
        "PE": 1.9,
        "Book Price": 35.1
      }
    },
    {
      "quarter": "Q4 2016",
      "income status": {
        "Net sales": 140047,
        "Cost of goods sold": 124736,
        "Gross Profit": 15311,
        "Financial expenses": 2515,
        "Of which: Interest expense": 3660,
        "Cost of sales": 2663,
        "Enterprise cost management": 1563,
        "Total Operating Expenses": 6741,
        "Total revenue financing activities": 52,
        "Net profit from business activities": 8622,
        "Profit": -137,
        "Profit before tax": 8485,
        "Present corporate income tax expenses": 2580,
        "Deferred income taxes expenses": "N/A",
        "The interests of minority shareholders": "N/A",
        "Total Cost of profits": 2580,
        "Profit after tax corporate income": 5906,
        "Volume": 4600000,
        "Close of Quarter": 12.7,
        "EPS": 2682,
        "Non-adjusted EPS": 2682,
        "PE": 4.7,
        "Book Price": 30.9
      }
    },
    {
      "quarter": "Q3 2016",
      "income status": {
        "Net sales": 78451,
        "Cost of goods sold": 70595,
        "Gross Profit": 7856,
        "Financial expenses": 1116,
        "Of which: Interest expense": 1092,
        "Cost of sales": 1165,
        "Enterprise cost management": 2781,
        "Total Operating Expenses": 5062,
        "Total revenue financing activities": 8,
        "Net profit from business activities": 2803,
        "Profit": -123,
        "Profit before tax": 2680,
        "Present corporate income tax expenses": 772,
        "Deferred income taxes expenses": "N/A",
        "The interests of minority shareholders": "N/A",
        "Total Cost of profits": 772,
        "Profit after tax corporate income": 1908,
        "Volume": 4600000,
        "Close of Quarter": 12.7,
        "EPS": 2241,
        "Non-adjusted EPS": 2241,
        "PE": 5.7,
        "Book Price": 28
      }
    },
    {
      "quarter": "Q2 2016",
      "income status": {
        "Net sales": 79345,
        "Cost of goods sold": 68456,
        "Gross Profit": 10889,
        "Financial expenses": 1991,
        "Of which: Interest expense": 1991,
        "Cost of sales": 1098,
        "Enterprise cost management": 3450,
        "Total Operating Expenses": 6539,
        "Total revenue financing activities": 13,
        "Net profit from business activities": 4364,
        "Profit": -424,
        "Profit before tax": 3941,
        "Present corporate income tax expenses": 943,
        "Deferred income taxes expenses": -370,
        "The interests of minority shareholders": 26,
        "Total Cost of profits": 599,
        "Profit after tax corporate income": 3342,
        "Volume": 4600000,
        "Close of Quarter": 12.9,
        "EPS": 2869,
        "Non-adjusted EPS": 2869,
        "PE": 4.5,
        "Book Price": 27.5
      }
    },
    {
      "quarter": "Q1 2016",
      "income status": {
        "Net sales": 66503,
        "Cost of goods sold": 59947,
        "Gross Profit": 6556,
        "Financial expenses": 1276,
        "Of which: Interest expense": 1276,
        "Cost of sales": 1019,
        "Enterprise cost management": 2465,
        "Total Operating Expenses": 4760,
        "Total revenue financing activities": 15,
        "Net profit from business activities": 1811,
        "Profit": -77,
        "Profit before tax": 1734,
        "Present corporate income tax expenses": 552,
        "Deferred income taxes expenses": "N/A",
        "The interests of minority shareholders": "N/A",
        "Total Cost of profits": 552,
        "Profit after tax corporate income": 1182,
        "Volume": 4600000,
        "Close of Quarter": 11.6,
        "EPS": 2202,
        "Non-adjusted EPS": 2202,
        "PE": 5.3,
        "Book Price": 27
      }
    },
    {
      "quarter": "Q4 2015",
      "income status": {
        "Net sales": 87143,
        "Cost of goods sold": 75422,
        "Gross Profit": 11721,
        "Financial expenses": 1540,
        "Of which: Interest expense": 1517,
        "Cost of sales": 1280,
        "Enterprise cost management": 3293,
        "Total Operating Expenses": 6113,
        "Total revenue financing activities": 51,
        "Net profit from business activities": 5659,
        "Profit": -999,
        "Profit before tax": 4660,
        "Present corporate income tax expenses": 784,
        "Deferred income taxes expenses": "N/A",
        "The interests of minority shareholders": "N/A",
        "Total Cost of profits": 784,
        "Profit after tax corporate income": 3875,
        "Volume": 4600000,
        "Close of Quarter": 12.9,
        "EPS": 2632,
        "Non-adjusted EPS": 2632,
        "PE": 4.9,
        "Book Price": 29
      }
    },
    {
      "quarter": "Q3 2015",
      "income status": {
        "Net sales": 76263,
        "Cost of goods sold": 66002,
        "Gross Profit": 10262,
        "Financial expenses": 1226,
        "Of which: Interest expense": 1204,
        "Cost of sales": 1075,
        "Enterprise cost management": 1760,
        "Total Operating Expenses": 4061,
        "Total revenue financing activities": 3,
        "Net profit from business activities": 6204,
        "Profit": -688,
        "Profit before tax": 5516,
        "Present corporate income tax expenses": 719,
        "Deferred income taxes expenses": "N/A",
        "The interests of minority shareholders": "N/A",
        "Total Cost of profits": 719,
        "Profit after tax corporate income": 4797,
        "Volume": 4600000,
        "Close of Quarter": 15.4,
        "EPS": 1768,
        "Non-adjusted EPS": 1768,
        "PE": 8.7,
        "Book Price": 27.9
      }
    },
    {
      "quarter": "Q2 2015",
      "income status": {
        "Net sales": 86034,
        "Cost of goods sold": 77924,
        "Gross Profit": 8110,
        "Financial expenses": 3586,
        "Of which: Interest expense": 1430,
        "Cost of sales": 106,
        "Enterprise cost management": 4577,
        "Total Operating Expenses": 8269,
        "Total revenue financing activities": 106,
        "Net profit from business activities": 906,
        "Profit": -108,
        "Profit before tax": 798,
        "Present corporate income tax expenses": 459,
        "Deferred income taxes expenses": 16,
        "The interests of minority shareholders": 48,
        "Total Cost of profits": 523,
        "Profit after tax corporate income": 275,
        "Volume": 4600000,
        "Close of Quarter": 7.6,
        "EPS": 746,
        "Non-adjusted EPS": 746,
        "PE": 10.1,
        "Book Price": 26.8
      }
    },
    {
      "quarter": "Q1 2015",
      "income status": {
        "Net sales": 69082,
        "Cost of goods sold": 61315,
        "Gross Profit": 7767,
        "Financial expenses": 1301,
        "Of which: Interest expense": 1278,
        "Cost of sales": 1627,
        "Enterprise cost management": "N/A",
        "Total Operating Expenses": 2928,
        "Total revenue financing activities": 5,
        "Net profit from business activities": 3885,
        "Profit": 129,
        "Profit before tax": 4014,
        "Present corporate income tax expenses": 854,
        "Deferred income taxes expenses": "N/A",
        "The interests of minority shareholders": "N/A",
        "Total Cost of profits": 854,
        "Profit after tax corporate income": 3160,
        "Volume": 4600000,
        "Close of Quarter": 42.6,
        "EPS": 302,
        "Non-adjusted EPS": 302,
        "PE": 141.1,
        "Book Price": 26.8
      }
    },
    {
      "quarter": "Q4 2014",
      "income status": {
        "Net sales": 72746,
        "Cost of goods sold": 66374,
        "Gross Profit": 6372,
        "Financial expenses": 2209,
        "Of which: Interest expense": 1731,
        "Cost of sales": 886,
        "Enterprise cost management": 1732,
        "Total Operating Expenses": 4827,
        "Total revenue financing activities": 51,
        "Net profit from business activities": 1595,
        "Profit": -465,
        "Profit before tax": 1130,
        "Present corporate income tax expenses": 1251,
        "Deferred income taxes expenses": -22,
        "The interests of minority shareholders": "N/A",
        "Total Cost of profits": 1229,
        "Profit after tax corporate income": -98,
        "Volume": 4600000,
        "Close of Quarter": 42.6,
        "EPS": -37,
        "Non-adjusted EPS": -37,
        "PE": -1151.6,
        "Book Price": 26.3
      }
    },
    {
      "quarter": "Q3 2014",
      "income status": {
        "Net sales": 64169,
        "Cost of goods sold": 58437,
        "Gross Profit": 5732,
        "Financial expenses": 1499,
        "Of which: Interest expense": 1469,
        "Cost of sales": 1709,
        "Enterprise cost management": 2173,
        "Total Operating Expenses": 5381,
        "Total revenue financing activities": 36,
        "Net profit from business activities": 387,
        "Profit": -107,
        "Profit before tax": 279,
        "Present corporate income tax expenses": 183,
        "Deferred income taxes expenses": "N/A",
        "The interests of minority shareholders": "N/A",
        "Total Cost of profits": 183,
        "Profit after tax corporate income": 96,
        "Volume": 4600000,
        "Close of Quarter": 16.4,
        "EPS": 455,
        "Non-adjusted EPS": 455,
        "PE": 36.1,
        "Book Price": 25.8
      }
    },
    {
      "quarter": "Q2 2014",
      "income status": {
        "Net sales": 74965,
        "Cost of goods sold": 67094,
        "Gross Profit": 7871,
        "Financial expenses": 2995,
        "Of which: Interest expense": 1658,
        "Cost of sales": 1535,
        "Enterprise cost management": 4680,
        "Total Operating Expenses": 9210,
        "Total revenue financing activities": 34,
        "Net profit from business activities": -1304,
        "Profit": -192,
        "Profit before tax": -1496,
        "Present corporate income tax expenses": 283,
        "Deferred income taxes expenses": -2,
        "The interests of minority shareholders": -10,
        "Total Cost of profits": 271,
        "Profit after tax corporate income": -1767,
        "Volume": 4600000,
        "Close of Quarter": 10.3,
        "EPS": 902,
        "Non-adjusted EPS": 902,
        "PE": 11.4,
        "Book Price": 25.4
      }
    },
    {
      "quarter": "Q1 2014",
      "income status": {
        "Net sales": 71585,
        "Cost of goods sold": 63135,
        "Gross Profit": 8450,
        "Financial expenses": 2686,
        "Of which: Interest expense": 1349,
        "Cost of sales": 1355,
        "Enterprise cost management": 1661,
        "Total Operating Expenses": 5702,
        "Total revenue financing activities": 116,
        "Net profit from business activities": 2864,
        "Profit": -187,
        "Profit before tax": 2677,
        "Present corporate income tax expenses": 1079,
        "Deferred income taxes expenses": "N/A",
        "The interests of minority shareholders": "N/A",
        "Total Cost of profits": 1079,
        "Profit after tax corporate income": 1598,
        "Volume": 4600000,
        "Close of Quarter": 10.1,
        "EPS": 635,
        "Non-adjusted EPS": 635,
        "PE": 15.8,
        "Book Price": 25.7
      }
    },
    {
      "quarter": "Q4 2013",
      "income status": {
        "Net sales": 77038,
        "Cost of goods sold": 67734,
        "Gross Profit": 9304,
        "Financial expenses": 5425,
        "Of which: Interest expense": 1641,
        "Cost of sales": 1747,
        "Enterprise cost management": 163,
        "Total Operating Expenses": 7335,
        "Total revenue financing activities": 217,
        "Net profit from business activities": 2187,
        "Profit": 309,
        "Profit before tax": 2496,
        "Present corporate income tax expenses": 331,
        "Deferred income taxes expenses": "N/A",
        "The interests of minority shareholders": "N/A",
        "Total Cost of profits": 331,
        "Profit after tax corporate income": 2165,
        "Volume": 4600000,
        "Close of Quarter": 10.1,
        "EPS": 719,
        "Non-adjusted EPS": 719,
        "PE": 14.0,
        "Book Price": 25.5
      }
    },
    {
      "quarter": "Q3 2013",
      "income status": {
        "Net sales": 68366,
        "Cost of goods sold": 60519,
        "Gross Profit": 7848,
        "Financial expenses": 1422,
        "Of which: Interest expense": 1422,
        "Cost of sales": 1803,
        "Enterprise cost management": 1813,
        "Total Operating Expenses": 5038,
        "Total revenue financing activities": 18,
        "Net profit from business activities": 2828,
        "Profit": 121,
        "Profit before tax": 2949,
        "Present corporate income tax expenses": 797,
        "Deferred income taxes expenses": "N/A",
        "The interests of minority shareholders": "N/A",
        "Total Cost of profits": 797,
        "Profit after tax corporate income": 2152,
        "Volume": 4600000,
        "Close of Quarter": 8.0,
        "EPS": 810,
        "Non-adjusted EPS": 810,
        "PE": 9.8,
        "Book Price": 25.8
      }
    },
    {
      "quarter": "Q2 2013",
      "income status": {
        "Net sales": 56551,
        "Cost of goods sold": 50376,
        "Gross Profit": 6175,
        "Financial expenses": 1856,
        "Of which: Interest expense": 1856,
        "Cost of sales": 2230,
        "Enterprise cost management": 5122,
        "Total Operating Expenses": 9208,
        "Total revenue financing activities": 78,
        "Net profit from business activities": -2955,
        "Profit": -470,
        "Profit before tax": -3425,
        "Present corporate income tax expenses": 40,
        "Deferred income taxes expenses": -112,
        "The interests of minority shareholders": -360,
        "Total Cost of profits": -432,
        "Profit after tax corporate income": -2993,
        "Volume": 4600000,
        "Close of Quarter": 7.5,
        "EPS": 455,
        "Non-adjusted EPS": 455,
        "PE": 16.6,
        "Book Price": 24.4
      }
    },
    {
      "quarter": "Q1 2013",
      "income status": {
        "Net sales": 52607,
        "Cost of goods sold": 45936,
        "Gross Profit": 6671,
        "Financial expenses": 1390,
        "Of which: Interest expense": 1390,
        "Cost of sales": 1669,
        "Enterprise cost management": 997,
        "Total Operating Expenses": 4056,
        "Total revenue financing activities": 30,
        "Net profit from business activities": 2646,
        "Profit": 55,
        "Profit before tax": 2701,
        "Present corporate income tax expenses": 715,
        "Deferred income taxes expenses": "N/A",
        "The interests of minority shareholders": "N/A",
        "Total Cost of profits": 715,
        "Profit after tax corporate income": 1985,
        "Volume": 4600000,
        "Close of Quarter": 7.5,
        "EPS": 1801,
        "Non-adjusted EPS": 1801,
        "PE": 4.1,
        "Book Price": 25.3
      }
    },
    {
      "quarter": "Q4 2012",
      "income status": {
        "Net sales": 49624,
        "Cost of goods sold": 41417,
        "Gross Profit": 8207,
        "Financial expenses": 1848,
        "Of which: Interest expense": 1848,
        "Cost of sales": 1732,
        "Enterprise cost management": 1718,
        "Total Operating Expenses": 5298,
        "Total revenue financing activities": 9,
        "Net profit from business activities": 2918,
        "Profit": 266,
        "Profit before tax": 3184,
        "Present corporate income tax expenses": 600,
        "Deferred income taxes expenses": "N/A",
        "The interests of minority shareholders": "N/A",
        "Total Cost of profits": 600,
        "Profit after tax corporate income": 2584,
        "Volume": 4600000,
        "Close of Quarter": 7.4,
        "EPS": 1858,
        "Non-adjusted EPS": 1858,
        "PE": 4.0,
        "Book Price": 25.4
      }
    },
    {
      "quarter": "Q3 2012",
      "income status": {
        "Net sales": 34456,
        "Cost of goods sold": 29877,
        "Gross Profit": 4579,
        "Financial expenses": 1794,
        "Of which: Interest expense": 1764,
        "Cost of sales": 1233,
        "Enterprise cost management": 922,
        "Total Operating Expenses": 3949,
        "Total revenue financing activities": 5,
        "Net profit from business activities": 634,
        "Profit": 21,
        "Profit before tax": 655,
        "Present corporate income tax expenses": 138,
        "Deferred income taxes expenses": "N/A",
        "The interests of minority shareholders": "N/A",
        "Total Cost of profits": 138,
        "Profit after tax corporate income": 517,
        "Volume": 4600000,
        "Close of Quarter": 13.1,
        "EPS": 2368,
        "Non-adjusted EPS": 2368,
        "PE": 5.5,
        "Book Price": 24.5
      }
    },
    {
      "quarter": "Q2 2012",
      "income status": {
        "Net sales": 43363,
        "Cost of goods sold": 33867,
        "Gross Profit": 9497,
        "Financial expenses": 2873,
        "Of which: Interest expense": 2809,
        "Cost of sales": 1718,
        "Enterprise cost management": 1962,
        "Total Operating Expenses": 6553,
        "Total revenue financing activities": 11,
        "Net profit from business activities": 2955,
        "Profit": 176,
        "Profit before tax": 3131,
        "Present corporate income tax expenses": -99,
        "Deferred income taxes expenses": -87,
        "The interests of minority shareholders": 119,
        "Total Cost of profits": -67,
        "Profit after tax corporate income": 3198,
        "Volume": 4600000,
        "Close of Quarter": 10.5,
        "EPS": 2303,
        "Non-adjusted EPS": 2303,
        "PE": 4.6,
        "Book Price": 24.4
      }
    },
    {
      "quarter": "Q1 2012",
      "income status": {
        "Net sales": 51056,
        "Cost of goods sold": 43134,
        "Gross Profit": 7921,
        "Financial expenses": 2619,
        "Of which: Interest expense": 2550,
        "Cost of sales": 1342,
        "Enterprise cost management": 1102,
        "Total Operating Expenses": 5063,
        "Total revenue financing activities": 29,
        "Net profit from business activities": 2888,
        "Profit": 57,
        "Profit before tax": 2945,
        "Present corporate income tax expenses": 697,
        "Deferred income taxes expenses": "N/A",
        "The interests of minority shareholders": "N/A",
        "Total Cost of profits": 697,
        "Profit after tax corporate income": 2248,
        "Volume": 4600000,
        "Close of Quarter": 8.0,
        "EPS": 2753,
        "Non-adjusted EPS": 2753,
        "PE": 2.9,
        "Book Price": 24.1
      }
    },
    {
      "quarter": "Q4 2011",
      "income status": {
        "Net sales": 62877,
        "Cost of goods sold": 50396,
        "Gross Profit": 12481,
        "Financial expenses": 3625,
        "Of which: Interest expense": 3580,
        "Cost of sales": 1600,
        "Enterprise cost management": 1498,
        "Total Operating Expenses": 6723,
        "Total revenue financing activities": 8,
        "Net profit from business activities": 5768,
        "Profit": -274,
        "Profit before tax": 5494,
        "Present corporate income tax expenses": 562,
        "Deferred income taxes expenses": "N/A",
        "The interests of minority shareholders": "N/A",
        "Total Cost of profits": 562,
        "Profit after tax corporate income": 4932,
        "Volume": 4600000,
        "Close of Quarter": 4.2,
        "EPS": 2758,
        "Non-adjusted EPS": 2758,
        "PE": 1.5,
        "Book Price": 25.3
      }
    },
    {
      "quarter": "Q3 2011",
      "income status": {
        "Net sales": 58387,
        "Cost of goods sold": 47699,
        "Gross Profit": 10688,
        "Financial expenses": 4795,
        "Of which: Interest expense": 4756,
        "Cost of sales": 4012,
        "Enterprise cost management": 1309,
        "Total Operating Expenses": 10116,
        "Total revenue financing activities": 11,
        "Net profit from business activities": 583,
        "Profit": 108,
        "Profit before tax": 691,
        "Present corporate income tax expenses": 473,
        "Deferred income taxes expenses": "N/A",
        "The interests of minority shareholders": "N/A",
        "Total Cost of profits": 473,
        "Profit after tax corporate income": 217,
        "Volume": 4600000,
        "Close of Quarter": 10.5,
        "EPS": 2140,
        "Non-adjusted EPS": 2140,
        "PE": 4.9,
        "Book Price": 25.6
      }
    },
    {
      "quarter": "Q2 2011",
      "income status": {
        "Net sales": 70278,
        "Cost of goods sold": 54763,
        "Gross Profit": 15516,
        "Financial expenses": 5170,
        "Of which: Interest expense": 4675,
        "Cost of sales": 2411,
        "Enterprise cost management": 2590,
        "Total Operating Expenses": 10171,
        "Total revenue financing activities": 104,
        "Net profit from business activities": 5448,
        "Profit": -136,
        "Profit before tax": 5312,
        "Present corporate income tax expenses": -92,
        "Deferred income taxes expenses": -15,
        "The interests of minority shareholders": 152,
        "Total Cost of profits": 45,
        "Profit after tax corporate income": 5267,
        "Volume": 4000000,
        "Close of Quarter": 10.6,
        "EPS": 4880,
        "Non-adjusted EPS": 5612,
        "PE": 1.9,
        "Book Price": 24.7
      }
    },
    {
      "quarter": "Q1 2011",
      "income status": {
        "Net sales": 57919,
        "Cost of goods sold": 48953,
        "Gross Profit": 8966,
        "Financial expenses": 3086,
        "Of which: Interest expense": 3024,
        "Cost of sales": 2083,
        "Enterprise cost management": 909,
        "Total Operating Expenses": 6078,
        "Total revenue financing activities": 136,
        "Net profit from business activities": 3025,
        "Profit": 5,
        "Profit before tax": 3030,
        "Present corporate income tax expenses": 757,
        "Deferred income taxes expenses": "N/A",
        "The interests of minority shareholders": "N/A",
        "Total Cost of profits": 757,
        "Profit after tax corporate income": 2272,
        "Volume": 4000000,
        "Close of Quarter": 16.1,
        "EPS": 3410.4,
        "Non-adjusted EPS": 3922,
        "PE": 4.1,
        "Book Price": 24.2
      }
    },
    {
      "quarter": "Q4 2010",
      "income status": {
        "Net sales": 58942,
        "Cost of goods sold": 51367,
        "Gross Profit": 7574,
        "Financial expenses": 2350,
        "Of which: Interest expense": 3015,
        "Cost of sales": 3816,
        "Enterprise cost management": 125,
        "Total Operating Expenses": 6291,
        "Total revenue financing activities": 52,
        "Net profit from business activities": 1336,
        "Profit": 664,
        "Profit before tax": 2000,
        "Present corporate income tax expenses": -88,
        "Deferred income taxes expenses": "N/A",
        "The interests of minority shareholders": "N/A",
        "Total Cost of profits": -88,
        "Profit after tax corporate income": 2088,
        "Volume": 4000000,
        "Close of Quarter": 19.3,
        "EPS": 4613.0,
        "Non-adjusted EPS": 5305,
        "PE": 3.6,
        "Book Price": 42.2
      }
    },
    {
      "quarter": "Q3 2010",
      "income status": {
        "Net sales": 58639,
        "Cost of goods sold": 40182,
        "Gross Profit": 18457,
        "Financial expenses": 1473,
        "Of which: Interest expense": 1410,
        "Cost of sales": 1461,
        "Enterprise cost management": 1033,
        "Total Operating Expenses": 3967,
        "Total revenue financing activities": 34,
        "Net profit from business activities": 13994,
        "Profit": 1660,
        "Profit before tax": 15655,
        "Present corporate income tax expenses": 2833,
        "Deferred income taxes expenses": "N/A",
        "The interests of minority shareholders": "N/A",
        "Total Cost of profits": 2833,
        "Profit after tax corporate income": 12822,
        "Volume": 4000000,
        "Close of Quarter": 33.2,
        "EPS": 4835.7,
        "Non-adjusted EPS": 5561,
        "PE": 6.0,
        "Book Price": 24.9
      }
    },
    {
      "quarter": "Q2 2010",
      "income status": {
        "Net sales": 65159,
        "Cost of goods sold": 57503,
        "Gross Profit": 7656,
        "Financial expenses": 3278,
        "Of which: Interest expense": 1159,
        "Cost of sales": 2563,
        "Enterprise cost management": 1773,
        "Total Operating Expenses": 7614,
        "Total revenue financing activities": 302,
        "Net profit from business activities": 344,
        "Profit": 13,
        "Profit before tax": 357,
        "Present corporate income tax expenses": 1852,
        "Deferred income taxes expenses": "N/A",
        "The interests of minority shareholders": "N/A",
        "Total Cost of profits": 1852,
        "Profit after tax corporate income": -1495,
        "Volume": 4000000,
        "Close of Quarter": 36.1,
        "EPS": 3534.8,
        "Non-adjusted EPS": 4065,
        "PE": 8.9,
        "Book Price": 22.1
      }
    },
    {
      "quarter": "Q1 2010",
      "income status": {
        "Net sales": 54960,
        "Cost of goods sold": 42797,
        "Gross Profit": 12163,
        "Financial expenses": 896,
        "Of which: Interest expense": 820,
        "Cost of sales": 2333,
        "Enterprise cost management": 1126,
        "Total Operating Expenses": 4355,
        "Total revenue financing activities": 241,
        "Net profit from business activities": 8048,
        "Profit": 10,
        "Profit before tax": 8058,
        "Present corporate income tax expenses": 253,
        "Deferred income taxes expenses": "N/A",
        "The interests of minority shareholders": "N/A",
        "Total Cost of profits": 253,
        "Profit after tax corporate income": 7805,
        "Volume": 4000000,
        "Close of Quarter": 31.1,
        "EPS": 5099.1,
        "Non-adjusted EPS": 5864,
        "PE": 5.3,
        "Book Price": 22.4
      }
    },
    {
      "quarter": "Q4 2009",
      "income status": {
        "Net sales": 64184,
        "Cost of goods sold": 54027,
        "Gross Profit": 10156,
        "Financial expenses": 636,
        "Of which: Interest expense": "N/A",
        "Cost of sales": 3158,
        "Enterprise cost management": 1239,
        "Total Operating Expenses": 5033,
        "Total revenue financing activities": 79,
        "Net profit from business activities": 5203,
        "Profit": -5,
        "Profit before tax": 5198,
        "Present corporate income tax expenses": 2086,
        "Deferred income taxes expenses": "N/A",
        "The interests of minority shareholders": "N/A",
        "Total Cost of profits": 2086,
        "Profit after tax corporate income": 3111,
        "Volume": 4000000,
        "Close of Quarter": 24.6,
        "EPS": 4288.7,
        "Non-adjusted EPS": 4932,
        "PE": 5,
        "Book Price": 21.2
      }
    },
    {
      "quarter": "Q3 2009",
      "income status": {
        "Net sales": 68411,
        "Cost of goods sold": 56579,
        "Gross Profit": 11832,
        "Financial expenses": 692,
        "Of which: Interest expense": "N/A",
        "Cost of sales": 1939,
        "Enterprise cost management": 996,
        "Total Operating Expenses": 3627,
        "Total revenue financing activities": 69,
        "Net profit from business activities": 8274,
        "Profit": 15,
        "Profit before tax": 8289,
        "Present corporate income tax expenses": 1451,
        "Deferred income taxes expenses": "N/A",
        "The interests of minority shareholders": "N/A",
        "Total Cost of profits": 1451,
        "Profit after tax corporate income": 6839,
        "Volume": 2750000,
        "Close of Quarter": 34.4,
        "EPS": 4010.2,
        "Non-adjusted EPS": 6708,
        "PE": 5.1,
        "Book Price": 12.4
      }
    },
    {
      "quarter": "Q2 2009",
      "income status": {
        "Net sales": 61762,
        "Cost of goods sold": 51797,
        "Gross Profit": 9965,
        "Financial expenses": 595,
        "Of which: Interest expense": "N/A",
        "Cost of sales": 1392,
        "Enterprise cost management": 1087,
        "Total Operating Expenses": 3074,
        "Total revenue financing activities": 27,
        "Net profit from business activities": 6919,
        "Profit": -12,
        "Profit before tax": 6907,
        "Present corporate income tax expenses": 1209,
        "Deferred income taxes expenses": "N/A",
        "The interests of minority shareholders": "N/A",
        "Total Cost of profits": 1209,
        "Profit after tax corporate income": 5699,
        "Volume": 2750000,
        "Close of Quarter": 19.3,
        "EPS": 2769.7,
        "Non-adjusted EPS": 4633,
        "PE": 4.2,
        "Book Price": 10.9
      }
    },
    {
      "quarter": "Q1 2009",
      "income status": {
        "Net sales": 46448,
        "Cost of goods sold": 38593,
        "Gross Profit": 7854,
        "Financial expenses": 942,
        "Of which: Interest expense": "N/A",
        "Cost of sales": 1765,
        "Enterprise cost management": 766,
        "Total Operating Expenses": 3473,
        "Total revenue financing activities": 5,
        "Net profit from business activities": 4386,
        "Profit": 10,
        "Profit before tax": 4396,
        "Present corporate income tax expenses": 317,
        "Deferred income taxes expenses": "N/A",
        "The interests of minority shareholders": "N/A",
        "Total Cost of profits": 317,
        "Profit after tax corporate income": 4079,
        "Volume": 2750000,
        "Close of Quarter": 12.3,
        "EPS": 1530.4,
        "Non-adjusted EPS": 2560,
        "PE": 4.8,
        "Book Price": 9.6
      }
    },
    {
      "quarter": "Q4 2008",
      "income status": {
        "Net sales": 46067,
        "Cost of goods sold": 41045,
        "Gross Profit": 5022,
        "Financial expenses": 1843,
        "Of which: Interest expense": "N/A",
        "Cost of sales": 1049,
        "Enterprise cost management": 748,
        "Total Operating Expenses": 3640,
        "Total revenue financing activities": 24,
        "Net profit from business activities": 1407,
        "Profit": 1094,
        "Profit before tax": 2501,
        "Present corporate income tax expenses": 670,
        "Deferred income taxes expenses": "N/A",
        "The interests of minority shareholders": "N/A",
        "Total Cost of profits": 670,
        "Profit after tax corporate income": 1830,
        "Volume": 2750000,
        "Close of Quarter": 17.9,
        "EPS": 643.9,
        "Non-adjusted EPS": 1077,
        "PE": 16.6,
        "Book Price": 9.3
      }
    },
    {
      "quarter": "Q3 2008",
      "income status": {
        "Net sales": 39682,
        "Cost of goods sold": 34717,
        "Gross Profit": 4965,
        "Financial expenses": 1836,
        "Of which: Interest expense": "N/A",
        "Cost of sales": 1040,
        "Enterprise cost management": 725,
        "Total Operating Expenses": 3601,
        "Total revenue financing activities": 22,
        "Net profit from business activities": 1386,
        "Profit": -11,
        "Profit before tax": 1374,
        "Present corporate income tax expenses": 242,
        "Deferred income taxes expenses": "N/A",
        "The interests of minority shareholders": "N/A",
        "Total Cost of profits": 242,
        "Profit after tax corporate income": 1132,
        "Volume": 2750000,
        "Close of Quarter": 26.3,
        "EPS": 246.3,
        "Non-adjusted EPS": 412,
        "PE": 63.9,
        "Book Price": 9.9
      }
    }
  ]
}