{
  "ticker": "BLF",
  "data": [
    {
      "quarter": "Q1 2017",
      "income status": {
        "Net sales": 117439,
        "Cost of goods sold": 98245,
        "Gross Profit": 19194,
        "Financial expenses": 4764,
        "Of which: Interest expense": 4498,
        "Cost of sales": 8523,
        "Enterprise cost management": 4526,
        "Total Operating Expenses": 17813,
        "Total revenue financing activities": 1023,
        "Net profit from business activities": 2404,
        "Profit": -360,
        "Profit before tax": 2044,
        "Present corporate income tax expenses": "N/A",
        "Deferred income taxes expenses": "N/A",
        "The interests of minority shareholders": "N/A",
        "Total Cost of profits": 0,
        "Profit after tax corporate income": 2044,
        "Volume": 10500000,
        "Close of Quarter": 4.1,
        "EPS": 716,
        "Non-adjusted EPS": 716,
        "PE": 5.7,
        "Book Price": 13.5
      }
    },
    {
      "quarter": "Q4 2016",
      "income status": {
        "Net sales": 157855,
        "Cost of goods sold": 132675,
        "Gross Profit": 25180,
        "Financial expenses": 8861,
        "Of which: Interest expense": 5491,
        "Cost of sales": 10799,
        "Enterprise cost management": 7772,
        "Total Operating Expenses": 27432,
        "Total revenue financing activities": 876,
        "Net profit from business activities": -1377,
        "Profit": 444,
        "Profit before tax": -933,
        "Present corporate income tax expenses": "N/A",
        "Deferred income taxes expenses": "N/A",
        "The interests of minority shareholders": "N/A",
        "Total Cost of profits": 0,
        "Profit after tax corporate income": -933,
        "Volume": 10500000,
        "Close of Quarter": 6,
        "EPS": 573,
        "Non-adjusted EPS": 573,
        "PE": 10.5,
        "Book Price": 13.4
      }
    },
    {
      "quarter": "Q3 2016",
      "income status": {
        "Net sales": 198279,
        "Cost of goods sold": 166190,
        "Gross Profit": 32089,
        "Financial expenses": 5237,
        "Of which: Interest expense": 5152,
        "Cost of sales": 17242,
        "Enterprise cost management": 5151,
        "Total Operating Expenses": 27630,
        "Total revenue financing activities": 707,
        "Net profit from business activities": 5166,
        "Profit": -74,
        "Profit before tax": 5092,
        "Present corporate income tax expenses": "N/A",
        "Deferred income taxes expenses": "N/A",
        "The interests of minority shareholders": "N/A",
        "Total Cost of profits": 0,
        "Profit after tax corporate income": 5092,
        "Volume": 10500000,
        "Close of Quarter": 3.9,
        "EPS": 827,
        "Non-adjusted EPS": 827,
        "PE": 4.7,
        "Book Price": 13.5
      }
    },
    {
      "quarter": "Q2 2016",
      "income status": {
        "Net sales": 157010,
        "Cost of goods sold": 124612,
        "Gross Profit": 32398,
        "Financial expenses": 12793,
        "Of which: Interest expense": 8114,
        "Cost of sales": 13699,
        "Enterprise cost management": 5141,
        "Total Operating Expenses": 31633,
        "Total revenue financing activities": 853,
        "Net profit from business activities": 1618,
        "Profit": -302,
        "Profit before tax": 1316,
        "Present corporate income tax expenses": "N/A",
        "Deferred income taxes expenses": "N/A",
        "The interests of minority shareholders": "N/A",
        "Total Cost of profits": 0,
        "Profit after tax corporate income": 1316,
        "Volume": 5000000,
        "Close of Quarter": 4,
        "EPS": 351.9,
        "Non-adjusted EPS": 739,
        "PE": 5.4,
        "Book Price": 13.1
      }
    },
    {
      "quarter": "Q1 2016",
      "income status": {
        "Net sales": 123665,
        "Cost of goods sold": 95627,
        "Gross Profit": 28038,
        "Financial expenses": 6391,
        "Of which: Interest expense": 5576,
        "Cost of sales": 17023,
        "Enterprise cost management": 5749,
        "Total Operating Expenses": 29163,
        "Total revenue financing activities": 3104,
        "Net profit from business activities": 1979,
        "Profit": -1438,
        "Profit before tax": 541,
        "Present corporate income tax expenses": "N/A",
        "Deferred income taxes expenses": "N/A",
        "The interests of minority shareholders": "N/A",
        "Total Cost of profits": 0,
        "Profit after tax corporate income": 541,
        "Volume": 5000000,
        "Close of Quarter": 2,
        "EPS": 76.2,
        "Non-adjusted EPS": 160,
        "PE": 12.5,
        "Book Price": 8.2
      }
    },
    {
      "quarter": "Q4 2015",
      "income status": {
        "Net sales": 315307,
        "Cost of goods sold": 276982,
        "Gross Profit": 38325,
        "Financial expenses": 11822,
        "Of which: Interest expense": 7810,
        "Cost of sales": 19835,
        "Enterprise cost management": 6987,
        "Total Operating Expenses": 38644,
        "Total revenue financing activities": 2781,
        "Net profit from business activities": 2463,
        "Profit": -729,
        "Profit before tax": 1734,
        "Present corporate income tax expenses": "N/A",
        "Deferred income taxes expenses": "N/A",
        "The interests of minority shareholders": "N/A",
        "Total Cost of profits": 0,
        "Profit after tax corporate income": 1734,
        "Volume": 5000000,
        "Close of Quarter": 2.3,
        "EPS": 240.5,
        "Non-adjusted EPS": 505,
        "PE": 4.6,
        "Book Price": 8.1
      }
    },
    {
      "quarter": "Q3 2015",
      "income status": {
        "Net sales": 150434,
        "Cost of goods sold": 117914,
        "Gross Profit": 32520,
        "Financial expenses": 9760,
        "Of which: Interest expense": 3878,
        "Cost of sales": 17711,
        "Enterprise cost management": 7697,
        "Total Operating Expenses": 35168,
        "Total revenue financing activities": 2983,
        "Net profit from business activities": 335,
        "Profit": -231,
        "Profit before tax": 103,
        "Present corporate income tax expenses": "N/A",
        "Deferred income taxes expenses": "N/A",
        "The interests of minority shareholders": "N/A",
        "Total Cost of profits": 0,
        "Profit after tax corporate income": 103,
        "Volume": 5000000,
        "Close of Quarter": 3.3,
        "EPS": 231.0,
        "Non-adjusted EPS": 485,
        "PE": 6.9,
        "Book Price": 8
      }
    },
    {
      "quarter": "Q2 2015",
      "income status": {
        "Net sales": 184351,
        "Cost of goods sold": 150125,
        "Gross Profit": 34227,
        "Financial expenses": 9050,
        "Of which: Interest expense": 6118,
        "Cost of sales": 16407,
        "Enterprise cost management": 8596,
        "Total Operating Expenses": 34053,
        "Total revenue financing activities": 2257,
        "Net profit from business activities": 2430,
        "Profit": -4574,
        "Profit before tax": -2144,
        "Present corporate income tax expenses": -566,
        "Deferred income taxes expenses": "N/A",
        "The interests of minority shareholders": "N/A",
        "Total Cost of profits": -566,
        "Profit after tax corporate income": -1577,
        "Volume": 5000000,
        "Close of Quarter": 3.8,
        "EPS": 442.4,
        "Non-adjusted EPS": 929,
        "PE": 4.1,
        "Book Price": 8.1
      }
    },
    {
      "quarter": "Q1 2015",
      "income status": {
        "Net sales": 229751,
        "Cost of goods sold": 195070,
        "Gross Profit": 34680,
        "Financial expenses": 7034,
        "Of which: Interest expense": 6490,
        "Cost of sales": 19157,
        "Enterprise cost management": 7032,
        "Total Operating Expenses": 33223,
        "Total revenue financing activities": 2018,
        "Net profit from business activities": 3476,
        "Profit": -645,
        "Profit before tax": 2832,
        "Present corporate income tax expenses": 566,
        "Deferred income taxes expenses": "N/A",
        "The interests of minority shareholders": "N/A",
        "Total Cost of profits": 566,
        "Profit after tax corporate income": 2266,
        "Volume": 5000000,
        "Close of Quarter": 4.0,
        "EPS": 917.6,
        "Non-adjusted EPS": 1927,
        "PE": 2.1,
        "Book Price": 8.2
      }
    },
    {
      "quarter": "Q4 2014",
      "income status": {
        "Net sales": 407106,
        "Cost of goods sold": 366946,
        "Gross Profit": 40160,
        "Financial expenses": 9125,
        "Of which: Interest expense": 7304,
        "Cost of sales": 20532,
        "Enterprise cost management": 8042,
        "Total Operating Expenses": 37699,
        "Total revenue financing activities": 2394,
        "Net profit from business activities": 4855,
        "Profit": -2397,
        "Profit before tax": 2458,
        "Present corporate income tax expenses": 824,
        "Deferred income taxes expenses": "N/A",
        "The interests of minority shareholders": "N/A",
        "Total Cost of profits": 824,
        "Profit after tax corporate income": 1634,
        "Volume": 5000000,
        "Close of Quarter": 4.1,
        "EPS": 780.5,
        "Non-adjusted EPS": 1639,
        "PE": 2.5,
        "Book Price": 8.8
      }
    },
    {
      "quarter": "Q3 2014",
      "income status": {
        "Net sales": 414729,
        "Cost of goods sold": 379698,
        "Gross Profit": 35031,
        "Financial expenses": 7673,
        "Of which: Interest expense": "N/A",
        "Cost of sales": 18636,
        "Enterprise cost management": 8330,
        "Total Operating Expenses": 34639,
        "Total revenue financing activities": 1159,
        "Net profit from business activities": 1550,
        "Profit": 1744,
        "Profit before tax": 3294,
        "Present corporate income tax expenses": 974,
        "Deferred income taxes expenses": "N/A",
        "The interests of minority shareholders": "N/A",
        "Total Cost of profits": 974,
        "Profit after tax corporate income": 2320,
        "Volume": 5000000,
        "Close of Quarter": 3.5,
        "EPS": 617.1,
        "Non-adjusted EPS": 1296,
        "PE": 2.7,
        "Book Price": 8.6
      }
    },
    {
      "quarter": "Q2 2014",
      "income status": {
        "Net sales": 298090,
        "Cost of goods sold": 265934,
        "Gross Profit": 32156,
        "Financial expenses": 8506,
        "Of which: Interest expense": 7485,
        "Cost of sales": 15688,
        "Enterprise cost management": 4443,
        "Total Operating Expenses": 28637,
        "Total revenue financing activities": 785,
        "Net profit from business activities": 4304,
        "Profit": 898,
        "Profit before tax": 5202,
        "Present corporate income tax expenses": 1788,
        "Deferred income taxes expenses": "N/A",
        "The interests of minority shareholders": "N/A",
        "Total Cost of profits": 1788,
        "Profit after tax corporate income": 3414,
        "Volume": 5000000,
        "Close of Quarter": 2.4,
        "EPS": 313.3,
        "Non-adjusted EPS": 658,
        "PE": 3.7,
        "Book Price": 8.3
      }
    },
    {
      "quarter": "Q1 2014",
      "income status": {
        "Net sales": 220560,
        "Cost of goods sold": 200343,
        "Gross Profit": 20217,
        "Financial expenses": 6162,
        "Of which: Interest expense": 5975,
        "Cost of sales": 10266,
        "Enterprise cost management": 3751,
        "Total Operating Expenses": 20179,
        "Total revenue financing activities": 343,
        "Net profit from business activities": 380,
        "Profit": 445,
        "Profit before tax": 825,
        "Present corporate income tax expenses": "N/A",
        "Deferred income taxes expenses": "N/A",
        "The interests of minority shareholders": "N/A",
        "Total Cost of profits": 0,
        "Profit after tax corporate income": 825,
        "Volume": 5000000,
        "Close of Quarter": 3.7,
        "EPS": 100.5,
        "Non-adjusted EPS": 211,
        "PE": 17.6,
        "Book Price": 8.1
      }
    },
    {
      "quarter": "Q4 2013",
      "income status": {
        "Net sales": 425111,
        "Cost of goods sold": 402957,
        "Gross Profit": 22154,
        "Financial expenses": 8236,
        "Of which: Interest expense": 7039,
        "Cost of sales": 8934,
        "Enterprise cost management": 3923,
        "Total Operating Expenses": 21093,
        "Total revenue financing activities": 495,
        "Net profit from business activities": 1556,
        "Profit": -1636,
        "Profit before tax": -80,
        "Present corporate income tax expenses": "N/A",
        "Deferred income taxes expenses": "N/A",
        "The interests of minority shareholders": "N/A",
        "Total Cost of profits": 0,
        "Profit after tax corporate income": -80,
        "Volume": 5000000,
        "Close of Quarter": 3.2,
        "EPS": 345.7,
        "Non-adjusted EPS": 726,
        "PE": 4.4,
        "Book Price": 8.1
      }
    },
    {
      "quarter": "Q3 2013",
      "income status": {
        "Net sales": 227549,
        "Cost of goods sold": 209689,
        "Gross Profit": 17861,
        "Financial expenses": 6184,
        "Of which: Interest expense": 5696,
        "Cost of sales": 8247,
        "Enterprise cost management": 3703,
        "Total Operating Expenses": 18134,
        "Total revenue financing activities": 889,
        "Net profit from business activities": 616,
        "Profit": -1487,
        "Profit before tax": -870,
        "Present corporate income tax expenses": "N/A",
        "Deferred income taxes expenses": "N/A",
        "The interests of minority shareholders": "N/A",
        "Total Cost of profits": 0,
        "Profit after tax corporate income": -870,
        "Volume": 5000000,
        "Close of Quarter": 3.4,
        "EPS": 438.6,
        "Non-adjusted EPS": 921,
        "PE": 3.7,
        "Book Price": 8.1
      }
    },
    {
      "quarter": "Q2 2013",
      "income status": {
        "Net sales": 27762,
        "Cost of goods sold": 7117,
        "Gross Profit": 20645,
        "Financial expenses": 7921,
        "Of which: Interest expense": 6899,
        "Cost of sales": 6662,
        "Enterprise cost management": 3404,
        "Total Operating Expenses": 17987,
        "Total revenue financing activities": 754,
        "Net profit from business activities": 3412,
        "Profit": -1087,
        "Profit before tax": 2325,
        "Present corporate income tax expenses": 1144,
        "Deferred income taxes expenses": "N/A",
        "The interests of minority shareholders": "N/A",
        "Total Cost of profits": 1144,
        "Profit after tax corporate income": 1180,
        "Volume": 5000000,
        "Close of Quarter": 3.0,
        "EPS": 594.3,
        "Non-adjusted EPS": 1248,
        "PE": 2.4,
        "Book Price": 8.1
      }
    },
    {
      "quarter": "Q1 2013",
      "income status": {
        "Net sales": 113440,
        "Cost of goods sold": 96023,
        "Gross Profit": 17417,
        "Financial expenses": 7271,
        "Of which: Interest expense": 7188,
        "Cost of sales": 3750,
        "Enterprise cost management": 2870,
        "Total Operating Expenses": 13891,
        "Total revenue financing activities": 643,
        "Net profit from business activities": 4169,
        "Profit": -771,
        "Profit before tax": 3398,
        "Present corporate income tax expenses": "N/A",
        "Deferred income taxes expenses": "N/A",
        "The interests of minority shareholders": "N/A",
        "Total Cost of profits": 0,
        "Profit after tax corporate income": 3398,
        "Volume": 5000000,
        "Close of Quarter": 1.9,
        "EPS": 589.1,
        "Non-adjusted EPS": 1237,
        "PE": 1.5,
        "Book Price": 8
      }
    },
    {
      "quarter": "Q4 2012",
      "income status": {
        "Net sales": 100811,
        "Cost of goods sold": 83722,
        "Gross Profit": 17089,
        "Financial expenses": 6151,
        "Of which: Interest expense": 6113,
        "Cost of sales": 6803,
        "Enterprise cost management": 2997,
        "Total Operating Expenses": 15951,
        "Total revenue financing activities": 94,
        "Net profit from business activities": 1232,
        "Profit": -332,
        "Profit before tax": 899,
        "Present corporate income tax expenses": "N/A",
        "Deferred income taxes expenses": "N/A",
        "The interests of minority shareholders": "N/A",
        "Total Cost of profits": 0,
        "Profit after tax corporate income": 899,
        "Volume": 5000000,
        "Close of Quarter": 1.6,
        "EPS": 294.8,
        "Non-adjusted EPS": 619,
        "PE": 2.5,
        "Book Price": 8
      }
    },
    {
      "quarter": "Q3 2012",
      "income status": {
        "Net sales": 133422,
        "Cost of goods sold": 115255,
        "Gross Profit": 18167,
        "Financial expenses": 7929,
        "Of which: Interest expense": 7745,
        "Cost of sales": 6094,
        "Enterprise cost management": 3078,
        "Total Operating Expenses": 17101,
        "Total revenue financing activities": 583,
        "Net profit from business activities": 1649,
        "Profit": -888,
        "Profit before tax": 761,
        "Present corporate income tax expenses": "N/A",
        "Deferred income taxes expenses": "N/A",
        "The interests of minority shareholders": "N/A",
        "Total Cost of profits": 0,
        "Profit after tax corporate income": 761,
        "Volume": 5000000,
        "Close of Quarter": 1.4,
        "EPS": 415.2,
        "Non-adjusted EPS": 872,
        "PE": 1.6,
        "Book Price": 7.8
      }
    },
    {
      "quarter": "Q2 2012",
      "income status": {
        "Net sales": 26130,
        "Cost of goods sold": 8811,
        "Gross Profit": 17319,
        "Financial expenses": 7287,
        "Of which: Interest expense": 6656,
        "Cost of sales": 5266,
        "Enterprise cost management": 3143,
        "Total Operating Expenses": 15696,
        "Total revenue financing activities": 184,
        "Net profit from business activities": 1807,
        "Profit": -370,
        "Profit before tax": 1437,
        "Present corporate income tax expenses": 310,
        "Deferred income taxes expenses": "N/A",
        "The interests of minority shareholders": "N/A",
        "Total Cost of profits": 310,
        "Profit after tax corporate income": 1126,
        "Volume": 5000000,
        "Close of Quarter": 2.2,
        "EPS": 382.9,
        "Non-adjusted EPS": 804,
        "PE": 2.8,
        "Book Price": 7.7
      }
    },
    {
      "quarter": "Q1 2012",
      "income status": {
        "Net sales": 102889,
        "Cost of goods sold": 86189,
        "Gross Profit": 16699,
        "Financial expenses": 8978,
        "Of which: Interest expense": 8381,
        "Cost of sales": 4548,
        "Enterprise cost management": 2815,
        "Total Operating Expenses": 16341,
        "Total revenue financing activities": 299,
        "Net profit from business activities": 658,
        "Profit": -346,
        "Profit before tax": 311,
        "Present corporate income tax expenses": "N/A",
        "Deferred income taxes expenses": "N/A",
        "The interests of minority shareholders": "N/A",
        "Total Cost of profits": 0,
        "Profit after tax corporate income": 311,
        "Volume": 5000000,
        "Close of Quarter": 2,
        "EPS": 334.8,
        "Non-adjusted EPS": 703,
        "PE": 2.8,
        "Book Price": 7.4
      }
    },
    {
      "quarter": "Q3 2011",
      "income status": {
        "Net sales": 200522,
        "Cost of goods sold": 176869,
        "Gross Profit": 23653,
        "Financial expenses": 10417,
        "Of which: Interest expense": 9420,
        "Cost of sales": 8811,
        "Enterprise cost management": 3217,
        "Total Operating Expenses": 22445,
        "Total revenue financing activities": 1032,
        "Net profit from business activities": 2240,
        "Profit": -79,
        "Profit before tax": 2161,
        "Present corporate income tax expenses": "N/A",
        "Deferred income taxes expenses": "N/A",
        "The interests of minority shareholders": "N/A",
        "Total Cost of profits": 0,
        "Profit after tax corporate income": 2161,
        "Volume": 5000000,
        "Close of Quarter": 2.1,
        "EPS": 13.3,
        "Non-adjusted EPS": 28,
        "PE": 76.4,
        "Book Price": 7.4
      }
    },
    {
      "quarter": "Q2 2011",
      "income status": {
        "Net sales": 159897,
        "Cost of goods sold": 137671,
        "Gross Profit": 22226,
        "Financial expenses": 11341,
        "Of which: Interest expense": 7614,
        "Cost of sales": 7306,
        "Enterprise cost management": 3500,
        "Total Operating Expenses": 22147,
        "Total revenue financing activities": 981,
        "Net profit from business activities": 1060,
        "Profit": -639,
        "Profit before tax": 421,
        "Present corporate income tax expenses": "N/A",
        "Deferred income taxes expenses": "N/A",
        "The interests of minority shareholders": "N/A",
        "Total Cost of profits": 0,
        "Profit after tax corporate income": 421,
        "Volume": 5000000,
        "Close of Quarter": 2,
        "EPS": 21.9,
        "Non-adjusted EPS": 46,
        "PE": 43.5,
        "Book Price": 7.2
      }
    },
    {
      "quarter": "Q1 2011",
      "income status": {
        "Net sales": 72662,
        "Cost of goods sold": 61762,
        "Gross Profit": 10899,
        "Financial expenses": 6434,
        "Of which: Interest expense": 5479,
        "Cost of sales": 2761,
        "Enterprise cost management": 1613,
        "Total Operating Expenses": 10808,
        "Total revenue financing activities": 969,
        "Net profit from business activities": 1059,
        "Profit": -436,
        "Profit before tax": 623,
        "Present corporate income tax expenses": "N/A",
        "Deferred income taxes expenses": "N/A",
        "The interests of minority shareholders": "N/A",
        "Total Cost of profits": 0,
        "Profit after tax corporate income": 623,
        "Volume": 5000000,
        "Close of Quarter": 3.4,
        "EPS": 160,
        "Non-adjusted EPS": 336,
        "PE": 10.1,
        "Book Price": 7.1
      }
    },
    {
      "quarter": "Q4 2010",
      "income status": {
        "Net sales": 208447,
        "Cost of goods sold": 187119,
        "Gross Profit": 21328,
        "Financial expenses": 8390,
        "Of which: Interest expense": 73029,
        "Cost of sales": 9499,
        "Enterprise cost management": 5776,
        "Total Operating Expenses": 23665,
        "Total revenue financing activities": 786,
        "Net profit from business activities": -1551,
        "Profit": -1514,
        "Profit before tax": -3065,
        "Present corporate income tax expenses": "N/A",
        "Deferred income taxes expenses": "N/A",
        "The interests of minority shareholders": "N/A",
        "Total Cost of profits": 0,
        "Profit after tax corporate income": -3065,
        "Volume": 5000000,
        "Close of Quarter": 4.8,
        "EPS": 103.3,
        "Non-adjusted EPS": 217,
        "PE": 21.9,
        "Book Price": 7.2
      }
    },
    {
      "quarter": "Q3 2010",
      "income status": {
        "Net sales": 151575,
        "Cost of goods sold": 127739,
        "Gross Profit": 23836,
        "Financial expenses": 9383,
        "Of which: Interest expense": 7690,
        "Cost of sales": 9420,
        "Enterprise cost management": 2912,
        "Total Operating Expenses": 21715,
        "Total revenue financing activities": 995,
        "Net profit from business activities": 3116,
        "Profit": -472,
        "Profit before tax": 2644,
        "Present corporate income tax expenses": 394,
        "Deferred income taxes expenses": "N/A",
        "The interests of minority shareholders": "N/A",
        "Total Cost of profits": 394,
        "Profit after tax corporate income": 2250,
        "Volume": 5000000,
        "Close of Quarter": 6.1,
        "EPS": 468.1,
        "Non-adjusted EPS": 983,
        "PE": 6.2,
        "Book Price": 7.2
      }
    },
    {
      "quarter": "Q2 2010",
      "income status": {
        "Net sales": 138846,
        "Cost of goods sold": "N/A",
        "Gross Profit": 21365,
        "Financial expenses": "N/A",
        "Of which: Interest expense": 8002,
        "Cost of sales": "N/A",
        "Enterprise cost management": 3721,
        "Total Operating Expenses": 3721,
        "Total revenue financing activities": "N/A",
        "Net profit from business activities": 2716,
        "Profit": 22,
        "Profit before tax": 2738,
        "Present corporate income tax expenses": "N/A",
        "Deferred income taxes expenses": 868,
        "The interests of minority shareholders": "N/A",
        "Total Cost of profits": 868,
        "Profit after tax corporate income": 1870,
        "Volume": 5000000,
        "Close of Quarter": 7.2,
        "EPS": 270,
        "Non-adjusted EPS": 567,
        "PE": 12.7,
        "Book Price": 7.1
      }
    },
    {
      "quarter": "Q1 2010",
      "income status": {
        "Net sales": 62374,
        "Cost of goods sold": "N/A",
        "Gross Profit": 9037,
        "Financial expenses": "N/A",
        "Of which: Interest expense": 4728,
        "Cost of sales": "N/A",
        "Enterprise cost management": 3031,
        "Total Operating Expenses": 3031,
        "Total revenue financing activities": "N/A",
        "Net profit from business activities": -1647,
        "Profit": 1675,
        "Profit before tax": 28,
        "Present corporate income tax expenses": "N/A",
        "Deferred income taxes expenses": "N/A",
        "The interests of minority shareholders": "N/A",
        "Total Cost of profits": 0,
        "Profit after tax corporate income": 28,
        "Volume": 5000000,
        "Close of Quarter": 5.6,
        "EPS": 32.9,
        "Non-adjusted EPS": 69,
        "PE": 80.7,
        "Book Price": 6.9
      }
    },
    {
      "quarter": "Q4 2009",
      "income status": {
        "Net sales": 131828,
        "Cost of goods sold": "N/A",
        "Gross Profit": 16475,
        "Financial expenses": "N/A",
        "Of which: Interest expense": "N/A",
        "Cost of sales": "N/A",
        "Enterprise cost management": 5943,
        "Total Operating Expenses": 5943,
        "Total revenue financing activities": "N/A",
        "Net profit from business activities": 1348,
        "Profit": -326,
        "Profit before tax": 1022,
        "Present corporate income tax expenses": "N/A",
        "Deferred income taxes expenses": 256,
        "The interests of minority shareholders": "N/A",
        "Total Cost of profits": 256,
        "Profit after tax corporate income": 767,
        "Volume": 5000000,
        "Close of Quarter": 5.8,
        "EPS": 159.5,
        "Non-adjusted EPS": 335,
        "PE": 17.3,
        "Book Price": 7.0
      }
    },
    {
      "quarter": "Q3 2009",
      "income status": {
        "Net sales": 118379,
        "Cost of goods sold": "N/A",
        "Gross Profit": 8035,
        "Financial expenses": "N/A",
        "Of which: Interest expense": "N/A",
        "Cost of sales": "N/A",
        "Enterprise cost management": 3215,
        "Total Operating Expenses": 3215,
        "Total revenue financing activities": "N/A",
        "Net profit from business activities": -34,
        "Profit": 259,
        "Profit before tax": 225,
        "Present corporate income tax expenses": "N/A",
        "Deferred income taxes expenses": 56,
        "The interests of minority shareholders": "N/A",
        "Total Cost of profits": 56,
        "Profit after tax corporate income": 169,
        "Volume": 5000000,
        "Close of Quarter": 7.8,
        "EPS": 322.9,
        "Non-adjusted EPS": 678,
        "PE": 11.5,
        "Book Price": 6.9
      }
    },
    {
      "quarter": "Q2 2009",
      "income status": {
        "Net sales": 87312,
        "Cost of goods sold": "N/A",
        "Gross Profit": 11773,
        "Financial expenses": "N/A",
        "Of which: Interest expense": "N/A",
        "Cost of sales": "N/A",
        "Enterprise cost management": 2766,
        "Total Operating Expenses": 2766,
        "Total revenue financing activities": "N/A",
        "Net profit from business activities": 2177,
        "Profit": -2797,
        "Profit before tax": -621,
        "Present corporate income tax expenses": "N/A",
        "Deferred income taxes expenses": "N/A",
        "The interests of minority shareholders": "N/A",
        "Total Cost of profits": 0,
        "Profit after tax corporate income": -621,
        "Volume": 5000000,
        "Close of Quarter": 6.2,
        "EPS": -248.6,
        "Non-adjusted EPS": -522,
        "PE": -11.9,
        "Book Price": 6.9
      }
    },
    {
      "quarter": "Q1 2009",
      "income status": {
        "Net sales": 56239,
        "Cost of goods sold": 49597,
        "Gross Profit": 6642,
        "Financial expenses": 2406,
        "Of which: Interest expense": "N/A",
        "Cost of sales": 1693,
        "Enterprise cost management": 2359,
        "Total Operating Expenses": 6458,
        "Total revenue financing activities": 1208,
        "Net profit from business activities": 1392,
        "Profit": 423,
        "Profit before tax": 1815,
        "Present corporate income tax expenses": 454,
        "Deferred income taxes expenses": "N/A",
        "The interests of minority shareholders": "N/A",
        "Total Cost of profits": 454,
        "Profit after tax corporate income": 1361,
        "Volume": 5000000,
        "Close of Quarter": 3.7,
        "EPS": 8.6,
        "Non-adjusted EPS": 18,
        "PE": 206.1,
        "Book Price": 7.0
      }
    },
    {
      "quarter": "Q4 2008",
      "income status": {
        "Net sales": 83468,
        "Cost of goods sold": 74461,
        "Gross Profit": 9007,
        "Financial expenses": 4885,
        "Of which: Interest expense": "N/A",
        "Cost of sales": 3757,
        "Enterprise cost management": 2256,
        "Total Operating Expenses": 10898,
        "Total revenue financing activities": 2420,
        "Net profit from business activities": 530,
        "Profit": 2226,
        "Profit before tax": 2756,
        "Present corporate income tax expenses": 276,
        "Deferred income taxes expenses": "N/A",
        "The interests of minority shareholders": "N/A",
        "Total Cost of profits": 276,
        "Profit after tax corporate income": 2480,
        "Volume": 5000000,
        "Close of Quarter": 4.1,
        "EPS": -266.7,
        "Non-adjusted EPS": -560,
        "PE": -7.2,
        "Book Price": 7.1
      }
    },
    {
      "quarter": "Q3 2008",
      "income status": {
        "Net sales": 82845,
        "Cost of goods sold": 79470,
        "Gross Profit": 3375,
        "Financial expenses": 2959,
        "Of which: Interest expense": "N/A",
        "Cost of sales": 4778,
        "Enterprise cost management": 2445,
        "Total Operating Expenses": 10182,
        "Total revenue financing activities": 970,
        "Net profit from business activities": -5836,
        "Profit": 5,
        "Profit before tax": -5830,
        "Present corporate income tax expenses": "N/A",
        "Deferred income taxes expenses": "N/A",
        "The interests of minority shareholders": "N/A",
        "Total Cost of profits": 0,
        "Profit after tax corporate income": -5830,
        "Volume": 5000000,
        "Close of Quarter": 6.8,
        "EPS": -502.9,
        "Non-adjusted EPS": -1056,
        "PE": -6.4,
        "Book Price": 6.8
      }
    },
    {
      "quarter": "Q2 2008",
      "income status": {
        "Net sales": 69442,
        "Cost of goods sold": 63525,
        "Gross Profit": 5917,
        "Financial expenses": 2040,
        "Of which: Interest expense": "N/A",
        "Cost of sales": 2940,
        "Enterprise cost management": 2063,
        "Total Operating Expenses": 7043,
        "Total revenue financing activities": 3431,
        "Net profit from business activities": 2305,
        "Profit": 4,
        "Profit before tax": 2309,
        "Present corporate income tax expenses": 231,
        "Deferred income taxes expenses": "N/A",
        "The interests of minority shareholders": "N/A",
        "Total Cost of profits": 231,
        "Profit after tax corporate income": 2078,
        "Volume": 5000000,
        "Close of Quarter": 5.8,
        "EPS": 52.4,
        "Non-adjusted EPS": 110,
        "PE": 52.4,
        "Book Price": 7.4
      }
    },
    {
      "quarter": "Q1 2008",
      "income status": {
        "Net sales": 34823,
        "Cost of goods sold": 31998,
        "Gross Profit": 2825,
        "Financial expenses": 1264,
        "Of which: Interest expense": "N/A",
        "Cost of sales": 2022,
        "Enterprise cost management": 1414,
        "Total Operating Expenses": 4700,
        "Total revenue financing activities": 345,
        "Net profit from business activities": -1529,
        "Profit": 1,
        "Profit before tax": -1528,
        "Present corporate income tax expenses": "N/A",
        "Deferred income taxes expenses": "N/A",
        "The interests of minority shareholders": "N/A",
        "Total Cost of profits": 0,
        "Profit after tax corporate income": -1528,
        "Volume": 5000000,
        "Close of Quarter": "N/A",
        "EPS": -145.7,
        "Non-adjusted EPS": -306,
        "PE": "N/A",
        "Book Price": 7.6
      }
    }
  ]
}