{
  "ticker": "SDC",
  "data": [
    {
      "quarter": "Q1 2017",
      "income status": {
        "Net sales": 13862,
        "Cost of goods sold": 10691,
        "Gross Profit": 3170,
        "Financial expenses": 61,
        "Of which: Interest expense": 61,
        "Cost of sales": 13,
        "Enterprise cost management": 2013,
        "Total Operating Expenses": 2087,
        "Total revenue financing activities": 4,
        "Net profit from business activities": 1087,
        "Profit": -304,
        "Profit before tax": 784,
        "Present corporate income tax expenses": 213,
        "Deferred income taxes expenses": "N/A",
        "The interests of minority shareholders": -11,
        "Total Cost of profits": 202,
        "Profit after tax corporate income": 582,
        "Volume": 2609710,
        "Close of Quarter": 14.5,
        "EPS": 1388,
        "Non-adjusted EPS": 1388,
        "PE": 10.5,
        "Book Price": 21
      }
    },
    {
      "quarter": "Q4 2016",
      "income status": {
        "Net sales": 19393,
        "Cost of goods sold": 15091,
        "Gross Profit": 4302,
        "Financial expenses": 41,
        "Of which: Interest expense": 41,
        "Cost of sales": 16,
        "Enterprise cost management": 3334,
        "Total Operating Expenses": 3391,
        "Total revenue financing activities": 192,
        "Net profit from business activities": 1103,
        "Profit": -179,
        "Profit before tax": 924,
        "Present corporate income tax expenses": 251,
        "Deferred income taxes expenses": -63,
        "The interests of minority shareholders": 10,
        "Total Cost of profits": 198,
        "Profit after tax corporate income": 726,
        "Volume": 2609710,
        "Close of Quarter": 14.5,
        "EPS": 1407,
        "Non-adjusted EPS": 1407,
        "PE": 10.3,
        "Book Price": 20.8
      }
    },
    {
      "quarter": "Q3 2016",
      "income status": {
        "Net sales": 23846,
        "Cost of goods sold": 18949,
        "Gross Profit": 4898,
        "Financial expenses": 44,
        "Of which: Interest expense": 44,
        "Cost of sales": 15,
        "Enterprise cost management": 3217,
        "Total Operating Expenses": 3276,
        "Total revenue financing activities": 137,
        "Net profit from business activities": 1759,
        "Profit": -156,
        "Profit before tax": 1603,
        "Present corporate income tax expenses": 323,
        "Deferred income taxes expenses": -63,
        "The interests of minority shareholders": 3,
        "Total Cost of profits": 263,
        "Profit after tax corporate income": 1340,
        "Volume": 2609710,
        "Close of Quarter": 14.5,
        "EPS": 1896,
        "Non-adjusted EPS": 1896,
        "PE": 7.7,
        "Book Price": 20.5
      }
    },
    {
      "quarter": "Q2 2016",
      "income status": {
        "Net sales": 16147,
        "Cost of goods sold": 11875,
        "Gross Profit": 4272,
        "Financial expenses": -14,
        "Of which: Interest expense": -14,
        "Cost of sales": 21,
        "Enterprise cost management": 3294,
        "Total Operating Expenses": 3301,
        "Total revenue financing activities": 344,
        "Net profit from business activities": 1314,
        "Profit": -177,
        "Profit before tax": 1137,
        "Present corporate income tax expenses": 224,
        "Deferred income taxes expenses": -63,
        "The interests of minority shareholders": 1,
        "Total Cost of profits": 162,
        "Profit after tax corporate income": 975,
        "Volume": 2609710,
        "Close of Quarter": 14.6,
        "EPS": 2150,
        "Non-adjusted EPS": 2150,
        "PE": 6.8,
        "Book Price": 20
      }
    },
    {
      "quarter": "Q1 2016",
      "income status": {
        "Net sales": 14155,
        "Cost of goods sold": 10699,
        "Gross Profit": 3457,
        "Financial expenses": 102,
        "Of which: Interest expense": 102,
        "Cost of sales": 11,
        "Enterprise cost management": 2792,
        "Total Operating Expenses": 2905,
        "Total revenue financing activities": 299,
        "Net profit from business activities": 851,
        "Profit": -114,
        "Profit before tax": 737,
        "Present corporate income tax expenses": 115,
        "Deferred income taxes expenses": "N/A",
        "The interests of minority shareholders": -8,
        "Total Cost of profits": 107,
        "Profit after tax corporate income": 630,
        "Volume": 2609710,
        "Close of Quarter": 9.4,
        "EPS": 2736,
        "Non-adjusted EPS": 2736,
        "PE": 3.4,
        "Book Price": 21
      }
    },
    {
      "quarter": "Q4 2015",
      "income status": {
        "Net sales": 15665,
        "Cost of goods sold": 9636,
        "Gross Profit": 6029,
        "Financial expenses": 126,
        "Of which: Interest expense": 126,
        "Cost of sales": 60,
        "Enterprise cost management": 3394,
        "Total Operating Expenses": 3580,
        "Total revenue financing activities": 34,
        "Net profit from business activities": 2482,
        "Profit": -208,
        "Profit before tax": 2273,
        "Present corporate income tax expenses": 271,
        "Deferred income taxes expenses": "N/A",
        "The interests of minority shareholders": "N/A",
        "Total Cost of profits": 271,
        "Profit after tax corporate income": 2003,
        "Volume": 2609710,
        "Close of Quarter": 11.3,
        "EPS": 3037,
        "Non-adjusted EPS": 3037,
        "PE": 3.7,
        "Book Price": 21
      }
    },
    {
      "quarter": "Q3 2015",
      "income status": {
        "Net sales": 26689,
        "Cost of goods sold": 20691,
        "Gross Profit": 5998,
        "Financial expenses": 250,
        "Of which: Interest expense": 211,
        "Cost of sales": 46,
        "Enterprise cost management": 5531,
        "Total Operating Expenses": 5827,
        "Total revenue financing activities": 2036,
        "Net profit from business activities": 2207,
        "Profit": 133,
        "Profit before tax": 2340,
        "Present corporate income tax expenses": 330,
        "Deferred income taxes expenses": "N/A",
        "The interests of minority shareholders": 7,
        "Total Cost of profits": 337,
        "Profit after tax corporate income": 2004,
        "Volume": 2609710,
        "Close of Quarter": 12.2,
        "EPS": 3307,
        "Non-adjusted EPS": 3307,
        "PE": 3.7,
        "Book Price": 20.7
      }
    },
    {
      "quarter": "Q2 2015",
      "income status": {
        "Net sales": 28578,
        "Cost of goods sold": 20126,
        "Gross Profit": 8451,
        "Financial expenses": 821,
        "Of which: Interest expense": 238,
        "Cost of sales": 45,
        "Enterprise cost management": 4433,
        "Total Operating Expenses": 5299,
        "Total revenue financing activities": 144,
        "Net profit from business activities": 3194,
        "Profit": 42,
        "Profit before tax": 3236,
        "Present corporate income tax expenses": 269,
        "Deferred income taxes expenses": 490,
        "The interests of minority shareholders": -26,
        "Total Cost of profits": 733,
        "Profit after tax corporate income": 2503,
        "Volume": 2609710,
        "Close of Quarter": 13.0,
        "EPS": 3065,
        "Non-adjusted EPS": 3065,
        "PE": 4.2,
        "Book Price": 21.8
      }
    },
    {
      "quarter": "Q1 2015",
      "income status": {
        "Net sales": 15166,
        "Cost of goods sold": 11357,
        "Gross Profit": 3809,
        "Financial expenses": 182,
        "Of which: Interest expense": 182,
        "Cost of sales": 27,
        "Enterprise cost management": 2807,
        "Total Operating Expenses": 3016,
        "Total revenue financing activities": 407,
        "Net profit from business activities": 1824,
        "Profit": -141,
        "Profit before tax": 1683,
        "Present corporate income tax expenses": 274,
        "Deferred income taxes expenses": "N/A",
        "The interests of minority shareholders": -7,
        "Total Cost of profits": 267,
        "Profit after tax corporate income": 1416,
        "Volume": 2609710,
        "Close of Quarter": 13.0,
        "EPS": 3029,
        "Non-adjusted EPS": 3029,
        "PE": 4.3,
        "Book Price": 22.3
      }
    },
    {
      "quarter": "Q4 2014",
      "income status": {
        "Net sales": 42473,
        "Cost of goods sold": 31240,
        "Gross Profit": 11233,
        "Financial expenses": 2531,
        "Of which: Interest expense": 158,
        "Cost of sales": 41,
        "Enterprise cost management": 11588,
        "Total Operating Expenses": 14160,
        "Total revenue financing activities": 4624,
        "Net profit from business activities": 2555,
        "Profit": -251,
        "Profit before tax": 2304,
        "Present corporate income tax expenses": 48,
        "Deferred income taxes expenses": "N/A",
        "The interests of minority shareholders": -451,
        "Total Cost of profits": -403,
        "Profit after tax corporate income": 2708,
        "Volume": 2609710,
        "Close of Quarter": 10.4,
        "EPS": 3006,
        "Non-adjusted EPS": 3006,
        "PE": 3.5,
        "Book Price": 22.6
      }
    },
    {
      "quarter": "Q3 2014",
      "income status": {
        "Net sales": 22356,
        "Cost of goods sold": 17166,
        "Gross Profit": 5190,
        "Financial expenses": 259,
        "Of which: Interest expense": 259,
        "Cost of sales": 49,
        "Enterprise cost management": 3461,
        "Total Operating Expenses": 3769,
        "Total revenue financing activities": 14,
        "Net profit from business activities": 2025,
        "Profit": -363,
        "Profit before tax": 1662,
        "Present corporate income tax expenses": 347,
        "Deferred income taxes expenses": "N/A",
        "The interests of minority shareholders": -58,
        "Total Cost of profits": 289,
        "Profit after tax corporate income": 1373,
        "Volume": 2609710,
        "Close of Quarter": 11.8,
        "EPS": 2831,
        "Non-adjusted EPS": 2831,
        "PE": 4.2,
        "Book Price": 21.7
      }
    },
    {
      "quarter": "Q2 2014",
      "income status": {
        "Net sales": 24764,
        "Cost of goods sold": 17106,
        "Gross Profit": 7658,
        "Financial expenses": 409,
        "Of which: Interest expense": 409,
        "Cost of sales": 76,
        "Enterprise cost management": 5798,
        "Total Operating Expenses": 6283,
        "Total revenue financing activities": 10,
        "Net profit from business activities": 2548,
        "Profit": -85,
        "Profit before tax": 2462,
        "Present corporate income tax expenses": 243,
        "Deferred income taxes expenses": "N/A",
        "The interests of minority shareholders": -189,
        "Total Cost of profits": 54,
        "Profit after tax corporate income": 2408,
        "Volume": 2609710,
        "Close of Quarter": 11.2,
        "EPS": 2629,
        "Non-adjusted EPS": 2629,
        "PE": 4.3,
        "Book Price": 21.2
      }
    },
    {
      "quarter": "Q1 2014",
      "income status": {
        "Net sales": 18631,
        "Cost of goods sold": 15488,
        "Gross Profit": 3143,
        "Financial expenses": 276,
        "Of which: Interest expense": 276,
        "Cost of sales": 35,
        "Enterprise cost management": 2222,
        "Total Operating Expenses": 2533,
        "Total revenue financing activities": 232,
        "Net profit from business activities": 1358,
        "Profit": 322,
        "Profit before tax": 1680,
        "Present corporate income tax expenses": 314,
        "Deferred income taxes expenses": "N/A",
        "The interests of minority shareholders": 9,
        "Total Cost of profits": 323,
        "Profit after tax corporate income": 1357,
        "Volume": 2609710,
        "Close of Quarter": 9.5,
        "EPS": 1634,
        "Non-adjusted EPS": 1634,
        "PE": 5.8,
        "Book Price": 21
      }
    },
    {
      "quarter": "Q4 2013",
      "income status": {
        "Net sales": 33751,
        "Cost of goods sold": 24848,
        "Gross Profit": 8903,
        "Financial expenses": 310,
        "Of which: Interest expense": 181,
        "Cost of sales": 102,
        "Enterprise cost management": 10707,
        "Total Operating Expenses": 11119,
        "Total revenue financing activities": 1399,
        "Net profit from business activities": -817,
        "Profit": 1696,
        "Profit before tax": 2723,
        "Present corporate income tax expenses": 466,
        "Deferred income taxes expenses": "N/A",
        "The interests of minority shareholders": 8,
        "Total Cost of profits": 474,
        "Profit after tax corporate income": 2249,
        "Volume": 2609710,
        "Close of Quarter": 5.3,
        "EPS": 1646,
        "Non-adjusted EPS": 1646,
        "PE": 3.2,
        "Book Price": 19.4
      }
    },
    {
      "quarter": "Q3 2013",
      "income status": {
        "Net sales": 17224,
        "Cost of goods sold": 13410,
        "Gross Profit": 3814,
        "Financial expenses": 230,
        "Of which: Interest expense": 230,
        "Cost of sales": 64,
        "Enterprise cost management": 3403,
        "Total Operating Expenses": 3697,
        "Total revenue financing activities": 1511,
        "Net profit from business activities": 1629,
        "Profit": -549,
        "Profit before tax": 1164,
        "Present corporate income tax expenses": 399,
        "Deferred income taxes expenses": "N/A",
        "The interests of minority shareholders": -81,
        "Total Cost of profits": 318,
        "Profit after tax corporate income": 846,
        "Volume": 2609710,
        "Close of Quarter": 4.6,
        "EPS": 1254,
        "Non-adjusted EPS": 1254,
        "PE": 3.7,
        "Book Price": 18.5
      }
    },
    {
      "quarter": "Q2 2013",
      "income status": {
        "Net sales": 15485,
        "Cost of goods sold": 10863,
        "Gross Profit": 4622,
        "Financial expenses": 490,
        "Of which: Interest expense": 490,
        "Cost of sales": "N/A",
        "Enterprise cost management": 5297,
        "Total Operating Expenses": 5787,
        "Total revenue financing activities": 10,
        "Net profit from business activities": -1154,
        "Profit": 1648,
        "Profit before tax": 101,
        "Present corporate income tax expenses": 347,
        "Deferred income taxes expenses": "N/A",
        "The interests of minority shareholders": -57,
        "Total Cost of profits": 290,
        "Profit after tax corporate income": -189,
        "Volume": 2609710,
        "Close of Quarter": 5.2,
        "EPS": 1207,
        "Non-adjusted EPS": 1207,
        "PE": 4.3,
        "Book Price": 18.6
      }
    },
    {
      "quarter": "Q1 2013",
      "income status": {
        "Net sales": 19187,
        "Cost of goods sold": 14525,
        "Gross Profit": 4662,
        "Financial expenses": 198,
        "Of which: Interest expense": 198,
        "Cost of sales": "N/A",
        "Enterprise cost management": 2658,
        "Total Operating Expenses": 2856,
        "Total revenue financing activities": 11,
        "Net profit from business activities": 1818,
        "Profit": 4,
        "Profit before tax": 1821,
        "Present corporate income tax expenses": 479,
        "Deferred income taxes expenses": "N/A",
        "The interests of minority shareholders": -47,
        "Total Cost of profits": 432,
        "Profit after tax corporate income": 1389,
        "Volume": 2609710,
        "Close of Quarter": 4.1,
        "EPS": 1829,
        "Non-adjusted EPS": 1829,
        "PE": 2.3,
        "Book Price": 19.6
      }
    },
    {
      "quarter": "Q4 2012",
      "income status": {
        "Net sales": 28148,
        "Cost of goods sold": 24740,
        "Gross Profit": 3407,
        "Financial expenses": 453,
        "Of which: Interest expense": 317,
        "Cost of sales": "N/A",
        "Enterprise cost management": 3892,
        "Total Operating Expenses": 4345,
        "Total revenue financing activities": 63,
        "Net profit from business activities": -875,
        "Profit": 3419,
        "Profit before tax": 2544,
        "Present corporate income tax expenses": 1332,
        "Deferred income taxes expenses": "N/A",
        "The interests of minority shareholders": -14,
        "Total Cost of profits": 1318,
        "Profit after tax corporate income": 1227,
        "Volume": 2609710,
        "Close of Quarter": 4.8,
        "EPS": 1569,
        "Non-adjusted EPS": 1569,
        "PE": 3.0,
        "Book Price": 19
      }
    },
    {
      "quarter": "Q3 2012",
      "income status": {
        "Net sales": 35605,
        "Cost of goods sold": 32545,
        "Gross Profit": 3060,
        "Financial expenses": 257,
        "Of which: Interest expense": 257,
        "Cost of sales": "N/A",
        "Enterprise cost management": 1749,
        "Total Operating Expenses": 2006,
        "Total revenue financing activities": 14,
        "Net profit from business activities": 1068,
        "Profit": -125,
        "Profit before tax": 943,
        "Present corporate income tax expenses": 297,
        "Deferred income taxes expenses": "N/A",
        "The interests of minority shareholders": -77,
        "Total Cost of profits": 220,
        "Profit after tax corporate income": 723,
        "Volume": 2609710,
        "Close of Quarter": 4.8,
        "EPS": 1857,
        "Non-adjusted EPS": 1857,
        "PE": 2.6,
        "Book Price": 19.5
      }
    },
    {
      "quarter": "Q2 2012",
      "income status": {
        "Net sales": 24187,
        "Cost of goods sold": 19415,
        "Gross Profit": 4772,
        "Financial expenses": 1123,
        "Of which: Interest expense": 1106,
        "Cost of sales": "N/A",
        "Enterprise cost management": 1467,
        "Total Operating Expenses": 2590,
        "Total revenue financing activities": 46,
        "Net profit from business activities": 2227,
        "Profit": -373,
        "Profit before tax": 1854,
        "Present corporate income tax expenses": 449,
        "Deferred income taxes expenses": "N/A",
        "The interests of minority shareholders": -30,
        "Total Cost of profits": 419,
        "Profit after tax corporate income": 1435,
        "Volume": 2609710,
        "Close of Quarter": 6.4,
        "EPS": 2005,
        "Non-adjusted EPS": 2005,
        "PE": 3.2,
        "Book Price": 19.3
      }
    },
    {
      "quarter": "Q1 2012",
      "income status": {
        "Net sales": 17509,
        "Cost of goods sold": 14344,
        "Gross Profit": 3165,
        "Financial expenses": 207,
        "Of which: Interest expense": 207,
        "Cost of sales": "N/A",
        "Enterprise cost management": 1993,
        "Total Operating Expenses": 2200,
        "Total revenue financing activities": 29,
        "Net profit from business activities": 994,
        "Profit": -72,
        "Profit before tax": 922,
        "Present corporate income tax expenses": 275,
        "Deferred income taxes expenses": "N/A",
        "The interests of minority shareholders": -63,
        "Total Cost of profits": 212,
        "Profit after tax corporate income": 710,
        "Volume": 2609710,
        "Close of Quarter": 5.9,
        "EPS": 2063,
        "Non-adjusted EPS": 2063,
        "PE": 2.9,
        "Book Price": 19.2
      }
    },
    {
      "quarter": "Q4 2011",
      "income status": {
        "Net sales": 41187,
        "Cost of goods sold": 35161,
        "Gross Profit": 6026,
        "Financial expenses": 433,
        "Of which: Interest expense": 372,
        "Cost of sales": "N/A",
        "Enterprise cost management": 3475,
        "Total Operating Expenses": 3908,
        "Total revenue financing activities": 301,
        "Net profit from business activities": 2419,
        "Profit": 129,
        "Profit before tax": 2547,
        "Present corporate income tax expenses": 570,
        "Deferred income taxes expenses": "N/A",
        "The interests of minority shareholders": -1,
        "Total Cost of profits": 569,
        "Profit after tax corporate income": 1978,
        "Volume": 2175000,
        "Close of Quarter": 6.0,
        "EPS": 2161.1,
        "Non-adjusted EPS": 2593,
        "PE": 2.3,
        "Book Price": 19
      }
    },
    {
      "quarter": "Q3 2011",
      "income status": {
        "Net sales": 22155,
        "Cost of goods sold": 18211,
        "Gross Profit": 3944,
        "Financial expenses": 406,
        "Of which: Interest expense": 406,
        "Cost of sales": "N/A",
        "Enterprise cost management": 2227,
        "Total Operating Expenses": 2633,
        "Total revenue financing activities": 161,
        "Net profit from business activities": 1471,
        "Profit": -5,
        "Profit before tax": 1465,
        "Present corporate income tax expenses": 352,
        "Deferred income taxes expenses": "N/A",
        "The interests of minority shareholders": 3,
        "Total Cost of profits": 355,
        "Profit after tax corporate income": 1110,
        "Volume": 2175000,
        "Close of Quarter": 8.7,
        "EPS": 2193.6,
        "Non-adjusted EPS": 2632,
        "PE": 3.3,
        "Book Price": 18.1
      }
    },
    {
      "quarter": "Q2 2011",
      "income status": {
        "Net sales": 31403,
        "Cost of goods sold": 25447,
        "Gross Profit": 5956,
        "Financial expenses": 589,
        "Of which: Interest expense": 587,
        "Cost of sales": "N/A",
        "Enterprise cost management": 3209,
        "Total Operating Expenses": 3798,
        "Total revenue financing activities": 51,
        "Net profit from business activities": 2210,
        "Profit": -95,
        "Profit before tax": 2115,
        "Present corporate income tax expenses": 528,
        "Deferred income taxes expenses": "N/A",
        "The interests of minority shareholders": "N/A",
        "Total Cost of profits": 528,
        "Profit after tax corporate income": 1587,
        "Volume": 2175000,
        "Close of Quarter": 7.1,
        "EPS": 2611.1,
        "Non-adjusted EPS": 3133,
        "PE": 2.3,
        "Book Price": 20.3
      }
    },
    {
      "quarter": "Q1 2011",
      "income status": {
        "Net sales": 18837,
        "Cost of goods sold": 14860,
        "Gross Profit": 3977,
        "Financial expenses": 400,
        "Of which: Interest expense": 317,
        "Cost of sales": "N/A",
        "Enterprise cost management": 2351,
        "Total Operating Expenses": 2751,
        "Total revenue financing activities": 55,
        "Net profit from business activities": 1281,
        "Profit": 4,
        "Profit before tax": 1285,
        "Present corporate income tax expenses": 321,
        "Deferred income taxes expenses": "N/A",
        "The interests of minority shareholders": "N/A",
        "Total Cost of profits": 321,
        "Profit after tax corporate income": 964,
        "Volume": 2175000,
        "Close of Quarter": 8.0,
        "EPS": 2925.3,
        "Non-adjusted EPS": 3510,
        "PE": 2.3,
        "Book Price": 19.4
      }
    },
    {
      "quarter": "Q4 2010",
      "income status": {
        "Net sales": 37806,
        "Cost of goods sold": 31180,
        "Gross Profit": 6626,
        "Financial expenses": 350,
        "Of which: Interest expense": 350,
        "Cost of sales": "N/A",
        "Enterprise cost management": 3633,
        "Total Operating Expenses": 3983,
        "Total revenue financing activities": 317,
        "Net profit from business activities": 2960,
        "Profit": -207,
        "Profit before tax": 2752,
        "Present corporate income tax expenses": 688,
        "Deferred income taxes expenses": "N/A",
        "The interests of minority shareholders": "N/A",
        "Total Cost of profits": 688,
        "Profit after tax corporate income": 2064,
        "Volume": 2175000,
        "Close of Quarter": 8.6,
        "EPS": 3412.1,
        "Non-adjusted EPS": 4094,
        "PE": 2.1,
        "Book Price": 19.1
      }
    },
    {
      "quarter": "Q3 2010",
      "income status": {
        "Net sales": 30954,
        "Cost of goods sold": 25512,
        "Gross Profit": 5441,
        "Financial expenses": 358,
        "Of which: Interest expense": 356,
        "Cost of sales": "N/A",
        "Enterprise cost management": 2809,
        "Total Operating Expenses": 3167,
        "Total revenue financing activities": 657,
        "Net profit from business activities": 2931,
        "Profit": -131,
        "Profit before tax": 2800,
        "Present corporate income tax expenses": 602,
        "Deferred income taxes expenses": "N/A",
        "The interests of minority shareholders": "N/A",
        "Total Cost of profits": 602,
        "Profit after tax corporate income": 2199,
        "Volume": 2175000,
        "Close of Quarter": 10.4,
        "EPS": 3475.4,
        "Non-adjusted EPS": 4170,
        "PE": 2.5,
        "Book Price": 18
      }
    },
    {
      "quarter": "Q2 2010",
      "income status": {
        "Net sales": 35431,
        "Cost of goods sold": 28089,
        "Gross Profit": 7342,
        "Financial expenses": 314,
        "Of which: Interest expense": 314,
        "Cost of sales": "N/A",
        "Enterprise cost management": 3841,
        "Total Operating Expenses": 4155,
        "Total revenue financing activities": 92,
        "Net profit from business activities": 3279,
        "Profit": -68,
        "Profit before tax": 3211,
        "Present corporate income tax expenses": 803,
        "Deferred income taxes expenses": "N/A",
        "The interests of minority shareholders": "N/A",
        "Total Cost of profits": 803,
        "Profit after tax corporate income": 2408,
        "Volume": 2175000,
        "Close of Quarter": 12.2,
        "EPS": 3549.6,
        "Non-adjusted EPS": 4259,
        "PE": 2.9,
        "Book Price": 17.1
      }
    },
    {
      "quarter": "Q1 2010",
      "income status": {
        "Net sales": 36737,
        "Cost of goods sold": 30392,
        "Gross Profit": 6344,
        "Financial expenses": 168,
        "Of which: Interest expense": 130,
        "Cost of sales": "N/A",
        "Enterprise cost management": 3600,
        "Total Operating Expenses": 3768,
        "Total revenue financing activities": 427,
        "Net profit from business activities": 3004,
        "Profit": -25,
        "Profit before tax": 2979,
        "Present corporate income tax expenses": 745,
        "Deferred income taxes expenses": "N/A",
        "The interests of minority shareholders": "N/A",
        "Total Cost of profits": 745,
        "Profit after tax corporate income": 2234,
        "Volume": 2175000,
        "Close of Quarter": 11.9,
        "EPS": 3916.3,
        "Non-adjusted EPS": 4699,
        "PE": 2.5,
        "Book Price": 18.3
      }
    },
    {
      "quarter": "Q4 2009",
      "income status": {
        "Net sales": 38552,
        "Cost of goods sold": 32137,
        "Gross Profit": 6415,
        "Financial expenses": 14,
        "Of which: Interest expense": "N/A",
        "Cost of sales": "N/A",
        "Enterprise cost management": 4367,
        "Total Operating Expenses": 4381,
        "Total revenue financing activities": 507,
        "Net profit from business activities": 2541,
        "Profit": -24,
        "Profit before tax": 2517,
        "Present corporate income tax expenses": 288,
        "Deferred income taxes expenses": "N/A",
        "The interests of minority shareholders": "N/A",
        "Total Cost of profits": 288,
        "Profit after tax corporate income": 2229,
        "Volume": 2175000,
        "Close of Quarter": 12.6,
        "EPS": 3060.3,
        "Non-adjusted EPS": 3672,
        "PE": 3.4,
        "Book Price": 16.1
      }
    },
    {
      "quarter": "Q3 2009",
      "income status": {
        "Net sales": 29000,
        "Cost of goods sold": 24047,
        "Gross Profit": 4953,
        "Financial expenses": 12,
        "Of which: Interest expense": "N/A",
        "Cost of sales": "N/A",
        "Enterprise cost management": 2341,
        "Total Operating Expenses": 2353,
        "Total revenue financing activities": 134,
        "Net profit from business activities": 2733,
        "Profit": 2,
        "Profit before tax": 2735,
        "Present corporate income tax expenses": 342,
        "Deferred income taxes expenses": "N/A",
        "The interests of minority shareholders": "N/A",
        "Total Cost of profits": 342,
        "Profit after tax corporate income": 2393,
        "Volume": 1500000,
        "Close of Quarter": 13.4,
        "EPS": 2836.5,
        "Non-adjusted EPS": 4935,
        "PE": 2.7,
        "Book Price": 15.2
      }
    },
    {
      "quarter": "Q2 2009",
      "income status": {
        "Net sales": 41868,
        "Cost of goods sold": 34759,
        "Gross Profit": 7109,
        "Financial expenses": 33,
        "Of which: Interest expense": "N/A",
        "Cost of sales": "N/A",
        "Enterprise cost management": 3644,
        "Total Operating Expenses": 3677,
        "Total revenue financing activities": 425,
        "Net profit from business activities": 3856,
        "Profit": -63,
        "Profit before tax": 3793,
        "Present corporate income tax expenses": 428,
        "Deferred income taxes expenses": "N/A",
        "The interests of minority shareholders": "N/A",
        "Total Cost of profits": 428,
        "Profit after tax corporate income": 3365,
        "Volume": 1500000,
        "Close of Quarter": 8.8,
        "EPS": 2994.0,
        "Non-adjusted EPS": 5209,
        "PE": 1.7,
        "Book Price": 14.4
      }
    },
    {
      "quarter": "Q1 2009",
      "income status": {
        "Net sales": 22907,
        "Cost of goods sold": 19055,
        "Gross Profit": 3852,
        "Financial expenses": 42,
        "Of which: Interest expense": "N/A",
        "Cost of sales": "N/A",
        "Enterprise cost management": 1974,
        "Total Operating Expenses": 2016,
        "Total revenue financing activities": 117,
        "Net profit from business activities": 1954,
        "Profit": 8,
        "Profit before tax": 1962,
        "Present corporate income tax expenses": 275,
        "Deferred income taxes expenses": "N/A",
        "The interests of minority shareholders": 1687,
        "Total Cost of profits": 1962,
        "Profit after tax corporate income": 0,
        "Volume": 1500000,
        "Close of Quarter": 7.3,
        "EPS": 2614.1,
        "Non-adjusted EPS": 4548,
        "PE": 1.6,
        "Book Price": 13.2
      }
    },
    {
      "quarter": "Q4 2008",
      "income status": {
        "Net sales": 35202,
        "Cost of goods sold": 29607,
        "Gross Profit": 5595,
        "Financial expenses": 215,
        "Of which: Interest expense": "N/A",
        "Cost of sales": "N/A",
        "Enterprise cost management": 3771,
        "Total Operating Expenses": 3986,
        "Total revenue financing activities": 295,
        "Net profit from business activities": 1904,
        "Profit": 9,
        "Profit before tax": 1913,
        "Present corporate income tax expenses": 268,
        "Deferred income taxes expenses": "N/A",
        "The interests of minority shareholders": "N/A",
        "Total Cost of profits": 268,
        "Profit after tax corporate income": 1645,
        "Volume": 1500000,
        "Close of Quarter": 6.8,
        "EPS": 3157.3,
        "Non-adjusted EPS": 5493,
        "PE": 1.2,
        "Book Price": 12.6
      }
    },
    {
      "quarter": "Q3 2008",
      "income status": {
        "Net sales": 48394,
        "Cost of goods sold": 41602,
        "Gross Profit": 6792,
        "Financial expenses": 255,
        "Of which: Interest expense": "N/A",
        "Cost of sales": "N/A",
        "Enterprise cost management": 3597,
        "Total Operating Expenses": 3852,
        "Total revenue financing activities": 312,
        "Net profit from business activities": 3253,
        "Profit": 8,
        "Profit before tax": 3261,
        "Present corporate income tax expenses": 456,
        "Deferred income taxes expenses": "N/A",
        "The interests of minority shareholders": "N/A",
        "Total Cost of profits": 456,
        "Profit after tax corporate income": 2804,
        "Volume": 1500000,
        "Close of Quarter": 9.6,
        "EPS": 3673.4,
        "Non-adjusted EPS": 6391,
        "PE": 1.5,
        "Book Price": 12.1
      }
    },
    {
      "quarter": "Q2 2008",
      "income status": {
        "Net sales": 23606,
        "Cost of goods sold": 17794,
        "Gross Profit": 5812,
        "Financial expenses": 389,
        "Of which: Interest expense": "N/A",
        "Cost of sales": "N/A",
        "Enterprise cost management": 3835,
        "Total Operating Expenses": 4224,
        "Total revenue financing activities": 143,
        "Net profit from business activities": 1732,
        "Profit": 1014,
        "Profit before tax": 2745,
        "Present corporate income tax expenses": 372,
        "Deferred income taxes expenses": "N/A",
        "The interests of minority shareholders": "N/A",
        "Total Cost of profits": 372,
        "Profit after tax corporate income": 2373,
        "Volume": 1500000,
        "Close of Quarter": 8.7,
        "EPS": 3586.0,
        "Non-adjusted EPS": 6239,
        "PE": 1.4,
        "Book Price": 11.1
      }
    },
    {
      "quarter": "Q1 2008",
      "income status": {
        "Net sales": 20232,
        "Cost of goods sold": 16543,
        "Gross Profit": 3690,
        "Financial expenses": 87,
        "Of which: Interest expense": "N/A",
        "Cost of sales": "N/A",
        "Enterprise cost management": 2101,
        "Total Operating Expenses": 2188,
        "Total revenue financing activities": 113,
        "Net profit from business activities": 1615,
        "Profit": 33,
        "Profit before tax": 1648,
        "Present corporate income tax expenses": 231,
        "Deferred income taxes expenses": "N/A",
        "The interests of minority shareholders": "N/A",
        "Total Cost of profits": 231,
        "Profit after tax corporate income": 1417,
        "Volume": 1500000,
        "Close of Quarter": 12.2,
        "EPS": 4256.2,
        "Non-adjusted EPS": 7405,
        "PE": 1.7,
        "Book Price": 11.2
      }
    },
    {
      "quarter": "Q4 2007",
      "income status": {
        "Net sales": 39571,
        "Cost of goods sold": 34291,
        "Gross Profit": 5279,
        "Financial expenses": 159,
        "Of which: Interest expense": "N/A",
        "Cost of sales": "N/A",
        "Enterprise cost management": 2354,
        "Total Operating Expenses": 2513,
        "Total revenue financing activities": 119,
        "Net profit from business activities": 2885,
        "Profit": 107,
        "Profit before tax": 2992,
        "Present corporate income tax expenses": "N/A",
        "Deferred income taxes expenses": "N/A",
        "The interests of minority shareholders": "N/A",
        "Total Cost of profits": 0,
        "Profit after tax corporate income": 2992,
        "Volume": 1000000,
        "Close of Quarter": 40.2,
        "EPS": 3940.7,
        "Non-adjusted EPS": 10284,
        "PE": 3.9,
        "Book Price": 11.1
      }
    },
    {
      "quarter": "Q3 2007",
      "income status": {
        "Net sales": 32614,
        "Cost of goods sold": 25731,
        "Gross Profit": 6883,
        "Financial expenses": 802,
        "Of which: Interest expense": "N/A",
        "Cost of sales": "N/A",
        "Enterprise cost management": 3811,
        "Total Operating Expenses": 4613,
        "Total revenue financing activities": 295,
        "Net profit from business activities": 2565,
        "Profit": 11,
        "Profit before tax": 2577,
        "Present corporate income tax expenses": "N/A",
        "Deferred income taxes expenses": "N/A",
        "The interests of minority shareholders": "N/A",
        "Total Cost of profits": 0,
        "Profit after tax corporate income": 2577,
        "Volume": 1000000,
        "Close of Quarter": 21.2,
        "EPS": 3569.4,
        "Non-adjusted EPS": 9315,
        "PE": 2.3,
        "Book Price": 9
      }
    },
    {
      "quarter": "Q2 2007",
      "income status": {
        "Net sales": 35726,
        "Cost of goods sold": 25023,
        "Gross Profit": 10703,
        "Financial expenses": 268,
        "Of which: Interest expense": "N/A",
        "Cost of sales": "N/A",
        "Enterprise cost management": 5567,
        "Total Operating Expenses": 5835,
        "Total revenue financing activities": 25,
        "Net profit from business activities": 4893,
        "Profit": "N/A",
        "Profit before tax": 4893,
        "Present corporate income tax expenses": 773,
        "Deferred income taxes expenses": "N/A",
        "The interests of minority shareholders": "N/A",
        "Total Cost of profits": 773,
        "Profit after tax corporate income": 4121,
        "Volume": 1000000,
        "Close of Quarter": 14.6,
        "EPS": 2581.9,
        "Non-adjusted EPS": 6738,
        "PE": 2.2,
        "Book Price": 8.9
      }
    },
    {
      "quarter": "Q1 2007",
      "income status": {
        "Net sales": 11227,
        "Cost of goods sold": 9317,
        "Gross Profit": 1910,
        "Financial expenses": 452,
        "Of which: Interest expense": 452,
        "Cost of sales": "N/A",
        "Enterprise cost management": 879,
        "Total Operating Expenses": 1331,
        "Total revenue financing activities": 16,
        "Net profit from business activities": 594,
        "Profit": "N/A",
        "Profit before tax": 594,
        "Present corporate income tax expenses": "N/A",
        "Deferred income taxes expenses": "N/A",
        "The interests of minority shareholders": "N/A",
        "Total Cost of profits": 0,
        "Profit after tax corporate income": 594,
        "Volume": 1000000,
        "Close of Quarter": 21.7,
        "EPS": 1002.8,
        "Non-adjusted EPS": 2617,
        "PE": 8.3,
        "Book Price": 7.4
      }
    },
    {
      "quarter": "Q4 2006",
      "income status": {
        "Net sales": 32474,
        "Cost of goods sold": 28351,
        "Gross Profit": 4123,
        "Financial expenses": 18,
        "Of which: Interest expense": "N/A",
        "Cost of sales": "N/A",
        "Enterprise cost management": 2083,
        "Total Operating Expenses": 2101,
        "Total revenue financing activities": "N/A",
        "Net profit from business activities": 2022,
        "Profit": "N/A",
        "Profit before tax": 2023,
        "Present corporate income tax expenses": "N/A",
        "Deferred income taxes expenses": "N/A",
        "The interests of minority shareholders": "N/A",
        "Total Cost of profits": 0,
        "Profit after tax corporate income": 2023,
        "Volume": 1000000,
        "Close of Quarter": 10.4,
        "EPS": 775.2,
        "Non-adjusted EPS": 2023,
        "PE": 5.2,
        "Book Price": 7.2
      }
    }
  ]
}