{
  "ticker": "DHT",
  "data": [
    {
      "quarter": "Q1 2017",
      "income status": {
        "Net sales": 330234,
        "Cost of goods sold": 277808,
        "Gross Profit": 52426,
        "Financial expenses": 1903,
        "Of which: Interest expense": "N/A",
        "Cost of sales": 19384,
        "Enterprise cost management": 17553,
        "Total Operating Expenses": 38840,
        "Total revenue financing activities": 2324,
        "Net profit from business activities": 15910,
        "Profit": 1558,
        "Profit before tax": 17467,
        "Present corporate income tax expenses": 3371,
        "Deferred income taxes expenses": "N/A",
        "The interests of minority shareholders": 835,
        "Total Cost of profits": 4206,
        "Profit after tax corporate income": 13261,
        "Volume": 6282602,
        "Close of Quarter": 47.5,
        "EPS": 9023,
        "Non-adjusted EPS": 9023,
        "PE": 5.3,
        "Book Price": 32.1
      }
    },
    {
      "quarter": "Q4 2016",
      "income status": {
        "Net sales": 347155,
        "Cost of goods sold": 283524,
        "Gross Profit": 63631,
        "Financial expenses": 2586,
        "Of which: Interest expense": "N/A",
        "Cost of sales": 11345,
        "Enterprise cost management": 16045,
        "Total Operating Expenses": 29976,
        "Total revenue financing activities": -1195,
        "Net profit from business activities": 33488,
        "Profit": 1889,
        "Profit before tax": 35376,
        "Present corporate income tax expenses": 7915,
        "Deferred income taxes expenses": -175,
        "The interests of minority shareholders": 2867,
        "Total Cost of profits": 10607,
        "Profit after tax corporate income": 24769,
        "Volume": 6282602,
        "Close of Quarter": 27.6,
        "EPS": 8220,
        "Non-adjusted EPS": 8220,
        "PE": 3.4,
        "Book Price": 32.2
      }
    },
    {
      "quarter": "Q3 2016",
      "income status": {
        "Net sales": 319122,
        "Cost of goods sold": 273839,
        "Gross Profit": 45283,
        "Financial expenses": 2217,
        "Of which: Interest expense": "N/A",
        "Cost of sales": 21541,
        "Enterprise cost management": 13515,
        "Total Operating Expenses": 37273,
        "Total revenue financing activities": 2331,
        "Net profit from business activities": 10341,
        "Profit": 1406,
        "Profit before tax": 11747,
        "Present corporate income tax expenses": 2349,
        "Deferred income taxes expenses": "N/A",
        "The interests of minority shareholders": 575,
        "Total Cost of profits": 2924,
        "Profit after tax corporate income": 8823,
        "Volume": 6282602,
        "Close of Quarter": 25.2,
        "EPS": 6503,
        "Non-adjusted EPS": 6503,
        "PE": 3.9,
        "Book Price": 29.6
      }
    },
    {
      "quarter": "Q2 2016",
      "income status": {
        "Net sales": 284262,
        "Cost of goods sold": 245640,
        "Gross Profit": 38622,
        "Financial expenses": 2576,
        "Of which: Interest expense": 4518,
        "Cost of sales": 11028,
        "Enterprise cost management": 14011,
        "Total Operating Expenses": 27615,
        "Total revenue financing activities": 2225,
        "Net profit from business activities": 13340,
        "Profit": 11,
        "Profit before tax": 13351,
        "Present corporate income tax expenses": 2951,
        "Deferred income taxes expenses": -264,
        "The interests of minority shareholders": 830,
        "Total Cost of profits": 3517,
        "Profit after tax corporate income": 9833,
        "Volume": 6282602,
        "Close of Quarter": 22.4,
        "EPS": 6351,
        "Non-adjusted EPS": 6351,
        "PE": 3.5,
        "Book Price": 28.2
      }
    },
    {
      "quarter": "Q1 2016",
      "income status": {
        "Net sales": 272712,
        "Cost of goods sold": 233314,
        "Gross Profit": 39398,
        "Financial expenses": 1974,
        "Of which: Interest expense": "N/A",
        "Cost of sales": 15016,
        "Enterprise cost management": 15067,
        "Total Operating Expenses": 32057,
        "Total revenue financing activities": 1953,
        "Net profit from business activities": 9293,
        "Profit": 1875,
        "Profit before tax": 11168,
        "Present corporate income tax expenses": 2234,
        "Deferred income taxes expenses": "N/A",
        "The interests of minority shareholders": 716,
        "Total Cost of profits": 2950,
        "Profit after tax corporate income": 8219,
        "Volume": 6282602,
        "Close of Quarter": 18.6,
        "EPS": 6052,
        "Non-adjusted EPS": 6052,
        "PE": 3.1,
        "Book Price": 28
      }
    },
    {
      "quarter": "Q4 2015",
      "income status": {
        "Net sales": 229200,
        "Cost of goods sold": 183945,
        "Gross Profit": 45255,
        "Financial expenses": 2496,
        "Of which: Interest expense": 2162,
        "Cost of sales": 16796,
        "Enterprise cost management": 9962,
        "Total Operating Expenses": 29254,
        "Total revenue financing activities": 1419,
        "Net profit from business activities": 17973,
        "Profit": 1181,
        "Profit before tax": 19153,
        "Present corporate income tax expenses": 3772,
        "Deferred income taxes expenses": 138,
        "The interests of minority shareholders": 1262,
        "Total Cost of profits": 5172,
        "Profit after tax corporate income": 13982,
        "Volume": 6282602,
        "Close of Quarter": 17.3,
        "EPS": 5856,
        "Non-adjusted EPS": 5856,
        "PE": 3.0,
        "Book Price": 27.1
      }
    },
    {
      "quarter": "Q3 2015",
      "income status": {
        "Net sales": 274602,
        "Cost of goods sold": 238207,
        "Gross Profit": 36396,
        "Financial expenses": 2060,
        "Of which: Interest expense": 1915,
        "Cost of sales": 15159,
        "Enterprise cost management": 11315,
        "Total Operating Expenses": 28534,
        "Total revenue financing activities": 2384,
        "Net profit from business activities": 10246,
        "Profit": 705,
        "Profit before tax": 10951,
        "Present corporate income tax expenses": 2248,
        "Deferred income taxes expenses": "N/A",
        "The interests of minority shareholders": 835,
        "Total Cost of profits": 3083,
        "Profit after tax corporate income": 7868,
        "Volume": 6282602,
        "Close of Quarter": 14.4,
        "EPS": 4142,
        "Non-adjusted EPS": 4142,
        "PE": 3.5,
        "Book Price": 26.9
      }
    },
    {
      "quarter": "Q2 2015",
      "income status": {
        "Net sales": 223037,
        "Cost of goods sold": 187096,
        "Gross Profit": 35942,
        "Financial expenses": 2701,
        "Of which: Interest expense": 2445,
        "Cost of sales": 12517,
        "Enterprise cost management": 13190,
        "Total Operating Expenses": 28408,
        "Total revenue financing activities": 1780,
        "Net profit from business activities": 9993,
        "Profit": 1413,
        "Profit before tax": 11406,
        "Present corporate income tax expenses": 2866,
        "Deferred income taxes expenses": -313,
        "The interests of minority shareholders": 898,
        "Total Cost of profits": 3451,
        "Profit after tax corporate income": 7955,
        "Volume": 6282602,
        "Close of Quarter": 14.5,
        "EPS": 4271,
        "Non-adjusted EPS": 4271,
        "PE": 3.4,
        "Book Price": 25.5
      }
    },
    {
      "quarter": "Q1 2015",
      "income status": {
        "Net sales": 213732,
        "Cost of goods sold": 182974,
        "Gross Profit": 30759,
        "Financial expenses": 1562,
        "Of which: Interest expense": 1562,
        "Cost of sales": 10821,
        "Enterprise cost management": 11278,
        "Total Operating Expenses": 23661,
        "Total revenue financing activities": 1956,
        "Net profit from business activities": 9054,
        "Profit": 654,
        "Profit before tax": 9707,
        "Present corporate income tax expenses": 2028,
        "Deferred income taxes expenses": "N/A",
        "The interests of minority shareholders": 697,
        "Total Cost of profits": 2725,
        "Profit after tax corporate income": 6983,
        "Volume": 6282602,
        "Close of Quarter": 14.2,
        "EPS": 4449,
        "Non-adjusted EPS": 4449,
        "PE": 3.2,
        "Book Price": 27.3
      }
    },
    {
      "quarter": "Q4 2014",
      "income status": {
        "Net sales": 201605,
        "Cost of goods sold": 167692,
        "Gross Profit": 33914,
        "Financial expenses": 3741,
        "Of which: Interest expense": 3232,
        "Cost of sales": 15627,
        "Enterprise cost management": 10787,
        "Total Operating Expenses": 30155,
        "Total revenue financing activities": 1166,
        "Net profit from business activities": 5406,
        "Profit": 1002,
        "Profit before tax": 6408,
        "Present corporate income tax expenses": 1994,
        "Deferred income taxes expenses": 103,
        "The interests of minority shareholders": 1092,
        "Total Cost of profits": 3189,
        "Profit after tax corporate income": 3219,
        "Volume": 6282602,
        "Close of Quarter": 15.2,
        "EPS": 4278,
        "Non-adjusted EPS": 4278,
        "PE": 3.6,
        "Book Price": 26
      }
    },
    {
      "quarter": "Q3 2014",
      "income status": {
        "Net sales": 213877,
        "Cost of goods sold": 180877,
        "Gross Profit": 33000,
        "Financial expenses": 2045,
        "Of which: Interest expense": 2045,
        "Cost of sales": 13365,
        "Enterprise cost management": 11485,
        "Total Operating Expenses": 26895,
        "Total revenue financing activities": 5186,
        "Net profit from business activities": 11291,
        "Profit": "N/A",
        "Profit before tax": 11291,
        "Present corporate income tax expenses": 1634,
        "Deferred income taxes expenses": "N/A",
        "The interests of minority shareholders": 980,
        "Total Cost of profits": 2614,
        "Profit after tax corporate income": 8677,
        "Volume": 6282602,
        "Close of Quarter": 13.3,
        "EPS": 5852,
        "Non-adjusted EPS": 5852,
        "PE": 2.3,
        "Book Price": 26.9
      }
    },
    {
      "quarter": "Q2 2014",
      "income status": {
        "Net sales": 191448,
        "Cost of goods sold": 159166,
        "Gross Profit": 32282,
        "Financial expenses": 1306,
        "Of which: Interest expense": 2247,
        "Cost of sales": 10005,
        "Enterprise cost management": 8634,
        "Total Operating Expenses": 19945,
        "Total revenue financing activities": 686,
        "Net profit from business activities": 13054,
        "Profit": 1256,
        "Profit before tax": 14310,
        "Present corporate income tax expenses": 3024,
        "Deferred income taxes expenses": -119,
        "The interests of minority shareholders": 2333,
        "Total Cost of profits": 5238,
        "Profit after tax corporate income": 9072,
        "Volume": 6282602,
        "Close of Quarter": 11.7,
        "EPS": 5290,
        "Non-adjusted EPS": 5290,
        "PE": 2.2,
        "Book Price": 26.7
      }
    },
    {
      "quarter": "Q1 2014",
      "income status": {
        "Net sales": 213124,
        "Cost of goods sold": 182104,
        "Gross Profit": 31020,
        "Financial expenses": 1782,
        "Of which: Interest expense": 1782,
        "Cost of sales": 10154,
        "Enterprise cost management": 11699,
        "Total Operating Expenses": 23635,
        "Total revenue financing activities": 1588,
        "Net profit from business activities": 8973,
        "Profit": "N/A",
        "Profit before tax": 8973,
        "Present corporate income tax expenses": 1768,
        "Deferred income taxes expenses": -98,
        "The interests of minority shareholders": 1393,
        "Total Cost of profits": 3063,
        "Profit after tax corporate income": 5911,
        "Volume": 6282602,
        "Close of Quarter": 13.2,
        "EPS": 4704,
        "Non-adjusted EPS": 4704,
        "PE": 2.8,
        "Book Price": 27.9
      }
    },
    {
      "quarter": "Q4 2013",
      "income status": {
        "Net sales": 197816,
        "Cost of goods sold": 160331,
        "Gross Profit": 37486,
        "Financial expenses": 3607,
        "Of which: Interest expense": 3607,
        "Cost of sales": 11083,
        "Enterprise cost management": 9553,
        "Total Operating Expenses": 24243,
        "Total revenue financing activities": 480,
        "Net profit from business activities": 13722,
        "Profit": 5833,
        "Profit before tax": 19554,
        "Present corporate income tax expenses": 4355,
        "Deferred income taxes expenses": -50,
        "The interests of minority shareholders": 2141,
        "Total Cost of profits": 6446,
        "Profit after tax corporate income": 13108,
        "Volume": 6282602,
        "Close of Quarter": 8.9,
        "EPS": 4259,
        "Non-adjusted EPS": 4259,
        "PE": 2.1,
        "Book Price": 22.6
      }
    },
    {
      "quarter": "Q3 2013",
      "income status": {
        "Net sales": 199571,
        "Cost of goods sold": 168085,
        "Gross Profit": 31486,
        "Financial expenses": 1852,
        "Of which: Interest expense": 1852,
        "Cost of sales": 11670,
        "Enterprise cost management": 12643,
        "Total Operating Expenses": 26165,
        "Total revenue financing activities": 3075,
        "Net profit from business activities": 8397,
        "Profit": "N/A",
        "Profit before tax": 8397,
        "Present corporate income tax expenses": 1585,
        "Deferred income taxes expenses": -51,
        "The interests of minority shareholders": 1716,
        "Total Cost of profits": 3250,
        "Profit after tax corporate income": 5146,
        "Volume": 6282602,
        "Close of Quarter": 8.1,
        "EPS": 3119,
        "Non-adjusted EPS": 3119,
        "PE": 2.6,
        "Book Price": 20.6
      }
    },
    {
      "quarter": "Q2 2013",
      "income status": {
        "Net sales": 177769,
        "Cost of goods sold": 149069,
        "Gross Profit": 28701,
        "Financial expenses": 2729,
        "Of which: Interest expense": 5084,
        "Cost of sales": 11518,
        "Enterprise cost management": 8231,
        "Total Operating Expenses": 22478,
        "Total revenue financing activities": 900,
        "Net profit from business activities": 7123,
        "Profit": 65,
        "Profit before tax": 7188,
        "Present corporate income tax expenses": 1797,
        "Deferred income taxes expenses": "N/A",
        "The interests of minority shareholders": "N/A",
        "Total Cost of profits": 1797,
        "Profit after tax corporate income": 5391,
        "Volume": 6282602,
        "Close of Quarter": 7.9,
        "EPS": 2649,
        "Non-adjusted EPS": 2649,
        "PE": 3.0,
        "Book Price": 20.3
      }
    },
    {
      "quarter": "Q1 2013",
      "income status": {
        "Net sales": 167825,
        "Cost of goods sold": 147110,
        "Gross Profit": 20715,
        "Financial expenses": 2355,
        "Of which: Interest expense": "N/A",
        "Cost of sales": 8849,
        "Enterprise cost management": 6550,
        "Total Operating Expenses": 17754,
        "Total revenue financing activities": 1192,
        "Net profit from business activities": 4152,
        "Profit": "N/A",
        "Profit before tax": 4152,
        "Present corporate income tax expenses": 1038,
        "Deferred income taxes expenses": "N/A",
        "The interests of minority shareholders": "N/A",
        "Total Cost of profits": 1038,
        "Profit after tax corporate income": 3114,
        "Volume": 6282602,
        "Close of Quarter": 8.3,
        "EPS": 2520,
        "Non-adjusted EPS": 2520,
        "PE": 3.3,
        "Book Price": 21.6
      }
    },
    {
      "quarter": "Q4 2012",
      "income status": {
        "Net sales": 140539,
        "Cost of goods sold": 115866,
        "Gross Profit": 24672,
        "Financial expenses": 3179,
        "Of which: Interest expense": "N/A",
        "Cost of sales": 8266,
        "Enterprise cost management": 7598,
        "Total Operating Expenses": 19043,
        "Total revenue financing activities": 1733,
        "Net profit from business activities": 7363,
        "Profit": 355,
        "Profit before tax": 7718,
        "Present corporate income tax expenses": 1773,
        "Deferred income taxes expenses": "N/A",
        "The interests of minority shareholders": "N/A",
        "Total Cost of profits": 1773,
        "Profit after tax corporate income": 5944,
        "Volume": 6282602,
        "Close of Quarter": 9.6,
        "EPS": 2423,
        "Non-adjusted EPS": 2423,
        "PE": 4.0,
        "Book Price": 21.1
      }
    },
    {
      "quarter": "Q3 2012",
      "income status": {
        "Net sales": 180819,
        "Cost of goods sold": 159618,
        "Gross Profit": 21201,
        "Financial expenses": 4000,
        "Of which: Interest expense": 3750,
        "Cost of sales": 8529,
        "Enterprise cost management": 7614,
        "Total Operating Expenses": 20143,
        "Total revenue financing activities": 1865,
        "Net profit from business activities": 2924,
        "Profit": "N/A",
        "Profit before tax": 2924,
        "Present corporate income tax expenses": 731,
        "Deferred income taxes expenses": "N/A",
        "The interests of minority shareholders": "N/A",
        "Total Cost of profits": 731,
        "Profit after tax corporate income": 2193,
        "Volume": 6282602,
        "Close of Quarter": 10.4,
        "EPS": 2678,
        "Non-adjusted EPS": 2678,
        "PE": 3.9,
        "Book Price": 20.2
      }
    },
    {
      "quarter": "Q4 2011",
      "income status": {
        "Net sales": 164754,
        "Cost of goods sold": 137733,
        "Gross Profit": 27021,
        "Financial expenses": 6611,
        "Of which: Interest expense": 6264,
        "Cost of sales": 9551,
        "Enterprise cost management": 7543,
        "Total Operating Expenses": 23705,
        "Total revenue financing activities": 2707,
        "Net profit from business activities": 6023,
        "Profit": "N/A",
        "Profit before tax": 6023,
        "Present corporate income tax expenses": 1442,
        "Deferred income taxes expenses": "N/A",
        "The interests of minority shareholders": "N/A",
        "Total Cost of profits": 1442,
        "Profit after tax corporate income": 4581,
        "Volume": 6282602,
        "Close of Quarter": 11.8,
        "EPS": 2686,
        "Non-adjusted EPS": 2686,
        "PE": 4.4,
        "Book Price": 19
      }
    },
    {
      "quarter": "Q3 2011",
      "income status": {
        "Net sales": 167226,
        "Cost of goods sold": 150770,
        "Gross Profit": 16456,
        "Financial expenses": 6479,
        "Of which: Interest expense": "N/A",
        "Cost of sales": 5507,
        "Enterprise cost management": 3389,
        "Total Operating Expenses": 15375,
        "Total revenue financing activities": 2255,
        "Net profit from business activities": 3335,
        "Profit": "N/A",
        "Profit before tax": 3335,
        "Present corporate income tax expenses": 834,
        "Deferred income taxes expenses": "N/A",
        "The interests of minority shareholders": "N/A",
        "Total Cost of profits": 834,
        "Profit after tax corporate income": 2502,
        "Volume": 4122602,
        "Close of Quarter": 9.1,
        "EPS": 2427.9,
        "Non-adjusted EPS": 3700,
        "PE": 2.5,
        "Book Price": 17.8
      }
    },
    {
      "quarter": "Q2 2011",
      "income status": {
        "Net sales": 165752,
        "Cost of goods sold": 141632,
        "Gross Profit": 24120,
        "Financial expenses": 6156,
        "Of which: Interest expense": 10858,
        "Cost of sales": 6384,
        "Enterprise cost management": 3956,
        "Total Operating Expenses": 16496,
        "Total revenue financing activities": 2412,
        "Net profit from business activities": 10035,
        "Profit": 1,
        "Profit before tax": 10036,
        "Present corporate income tax expenses": 2488,
        "Deferred income taxes expenses": "N/A",
        "The interests of minority shareholders": "N/A",
        "Total Cost of profits": 2488,
        "Profit after tax corporate income": 7548,
        "Volume": 4122602,
        "Close of Quarter": 6.4,
        "EPS": 2492.9,
        "Non-adjusted EPS": 3799,
        "PE": 1.7,
        "Book Price": 17.7
      }
    },
    {
      "quarter": "Q1 2011",
      "income status": {
        "Net sales": 140900,
        "Cost of goods sold": 118832,
        "Gross Profit": 22069,
        "Financial expenses": 4950,
        "Of which: Interest expense": "N/A",
        "Cost of sales": 8838,
        "Enterprise cost management": 6697,
        "Total Operating Expenses": 20485,
        "Total revenue financing activities": 1414,
        "Net profit from business activities": 2996,
        "Profit": "N/A",
        "Profit before tax": 2996,
        "Present corporate income tax expenses": 749,
        "Deferred income taxes expenses": "N/A",
        "The interests of minority shareholders": "N/A",
        "Total Cost of profits": 749,
        "Profit after tax corporate income": 2247,
        "Volume": 4122602,
        "Close of Quarter": 8.6,
        "EPS": 1777.6,
        "Non-adjusted EPS": 2709,
        "PE": 3.2,
        "Book Price": 16.5
      }
    },
    {
      "quarter": "Q4 2010",
      "income status": {
        "Net sales": 137297,
        "Cost of goods sold": 117788,
        "Gross Profit": 19510,
        "Financial expenses": 4573,
        "Of which: Interest expense": "N/A",
        "Cost of sales": 8498,
        "Enterprise cost management": 4223,
        "Total Operating Expenses": 17294,
        "Total revenue financing activities": 1430,
        "Net profit from business activities": 3646,
        "Profit": "N/A",
        "Profit before tax": 3646,
        "Present corporate income tax expenses": 689,
        "Deferred income taxes expenses": "N/A",
        "The interests of minority shareholders": "N/A",
        "Total Cost of profits": 689,
        "Profit after tax corporate income": 2957,
        "Volume": 4122602,
        "Close of Quarter": 9.6,
        "EPS": 1951.5,
        "Non-adjusted EPS": 2974,
        "PE": 3.2,
        "Book Price": 16.1
      }
    },
    {
      "quarter": "Q3 2010",
      "income status": {
        "Net sales": 140322,
        "Cost of goods sold": 122831,
        "Gross Profit": 17491,
        "Financial expenses": 3786,
        "Of which: Interest expense": "N/A",
        "Cost of sales": 6455,
        "Enterprise cost management": 4365,
        "Total Operating Expenses": 14606,
        "Total revenue financing activities": 754,
        "Net profit from business activities": 3639,
        "Profit": "N/A",
        "Profit before tax": 3639,
        "Present corporate income tax expenses": 728,
        "Deferred income taxes expenses": "N/A",
        "The interests of minority shareholders": "N/A",
        "Total Cost of profits": 728,
        "Profit after tax corporate income": 2911,
        "Volume": 4122602,
        "Close of Quarter": 13.9,
        "EPS": 2138.5,
        "Non-adjusted EPS": 3259,
        "PE": 4.3,
        "Book Price": 15.6
      }
    },
    {
      "quarter": "Q2 2010",
      "income status": {
        "Net sales": 171169,
        "Cost of goods sold": 152936,
        "Gross Profit": 18233,
        "Financial expenses": 2629,
        "Of which: Interest expense": 3863,
        "Cost of sales": 6123,
        "Enterprise cost management": 7469,
        "Total Operating Expenses": 16221,
        "Total revenue financing activities": 1864,
        "Net profit from business activities": 3876,
        "Profit": "N/A",
        "Profit before tax": 3876,
        "Present corporate income tax expenses": 823,
        "Deferred income taxes expenses": "N/A",
        "The interests of minority shareholders": "N/A",
        "Total Cost of profits": 823,
        "Profit after tax corporate income": 3052,
        "Volume": 4122602,
        "Close of Quarter": 14.9,
        "EPS": 2287.5,
        "Non-adjusted EPS": 3486,
        "PE": 4.3,
        "Book Price": 15.2
      }
    },
    {
      "quarter": "Q1 2010",
      "income status": {
        "Net sales": 124902,
        "Cost of goods sold": 105785,
        "Gross Profit": 19116,
        "Financial expenses": 3520,
        "Of which: Interest expense": "N/A",
        "Cost of sales": 6666,
        "Enterprise cost management": 5461,
        "Total Operating Expenses": 15647,
        "Total revenue financing activities": 707,
        "Net profit from business activities": 4177,
        "Profit": "N/A",
        "Profit before tax": 4177,
        "Present corporate income tax expenses": 835,
        "Deferred income taxes expenses": "N/A",
        "The interests of minority shareholders": "N/A",
        "Total Cost of profits": 835,
        "Profit after tax corporate income": 3341,
        "Volume": 4122602,
        "Close of Quarter": 7.2,
        "EPS": 2333.4,
        "Non-adjusted EPS": 3556,
        "PE": 2.0,
        "Book Price": 14.4
      }
    },
    {
      "quarter": "Q4 2009",
      "income status": {
        "Net sales": 145326,
        "Cost of goods sold": 125125,
        "Gross Profit": 20201,
        "Financial expenses": 2444,
        "Of which: Interest expense": "N/A",
        "Cost of sales": 9141,
        "Enterprise cost management": 5292,
        "Total Operating Expenses": 16877,
        "Total revenue financing activities": 1448,
        "Net profit from business activities": 4772,
        "Profit": 248,
        "Profit before tax": 5020,
        "Present corporate income tax expenses": 887,
        "Deferred income taxes expenses": "N/A",
        "The interests of minority shareholders": "N/A",
        "Total Cost of profits": 887,
        "Profit after tax corporate income": 4133,
        "Volume": 4122602,
        "Close of Quarter": 6.8,
        "EPS": 2288.2,
        "Non-adjusted EPS": 3487,
        "PE": 2.0,
        "Book Price": 13.9
      }
    },
    {
      "quarter": "Q3 2009",
      "income status": {
        "Net sales": 145204,
        "Cost of goods sold": 126057,
        "Gross Profit": 19147,
        "Financial expenses": 1512,
        "Of which: Interest expense": "N/A",
        "Cost of sales": 7867,
        "Enterprise cost management": 5971,
        "Total Operating Expenses": 15350,
        "Total revenue financing activities": 952,
        "Net profit from business activities": 4748,
        "Profit": "N/A",
        "Profit before tax": 4748,
        "Present corporate income tax expenses": 901,
        "Deferred income taxes expenses": "N/A",
        "The interests of minority shareholders": "N/A",
        "Total Cost of profits": 901,
        "Profit after tax corporate income": 3847,
        "Volume": 4122602,
        "Close of Quarter": 7.0,
        "EPS": 1720.5,
        "Non-adjusted EPS": 2622,
        "PE": 2.7,
        "Book Price": 14.6
      }
    },
    {
      "quarter": "Q2 2009",
      "income status": {
        "Net sales": 159736,
        "Cost of goods sold": 139281,
        "Gross Profit": 20455,
        "Financial expenses": 4277,
        "Of which: Interest expense": "N/A",
        "Cost of sales": 7925,
        "Enterprise cost management": 5496,
        "Total Operating Expenses": 17698,
        "Total revenue financing activities": 1475,
        "Net profit from business activities": 4232,
        "Profit": "N/A",
        "Profit before tax": 4232,
        "Present corporate income tax expenses": 895,
        "Deferred income taxes expenses": "N/A",
        "The interests of minority shareholders": "N/A",
        "Total Cost of profits": 895,
        "Profit after tax corporate income": 3338,
        "Volume": 4122602,
        "Close of Quarter": 6.4,
        "EPS": 1108.3,
        "Non-adjusted EPS": 1689,
        "PE": 3.8,
        "Book Price": 14.0
      }
    },
    {
      "quarter": "Q1 2009",
      "income status": {
        "Net sales": 136334,
        "Cost of goods sold": 119440,
        "Gross Profit": 16894,
        "Financial expenses": 1871,
        "Of which: Interest expense": "N/A",
        "Cost of sales": 4864,
        "Enterprise cost management": 7434,
        "Total Operating Expenses": 14169,
        "Total revenue financing activities": 1096,
        "Net profit from business activities": 3820,
        "Profit": "N/A",
        "Profit before tax": 3820,
        "Present corporate income tax expenses": 764,
        "Deferred income taxes expenses": "N/A",
        "The interests of minority shareholders": "N/A",
        "Total Cost of profits": 764,
        "Profit after tax corporate income": 3056,
        "Volume": 4122602,
        "Close of Quarter": 4.2,
        "EPS": 577.5,
        "Non-adjusted EPS": 880,
        "PE": 4.8,
        "Book Price": 13.7
      }
    },
    {
      "quarter": "Q4 2008",
      "income status": {
        "Net sales": 141341,
        "Cost of goods sold": 124613,
        "Gross Profit": 16728,
        "Financial expenses": 6296,
        "Of which: Interest expense": "N/A",
        "Cost of sales": 8876,
        "Enterprise cost management": 3456,
        "Total Operating Expenses": 18628,
        "Total revenue financing activities": 2612,
        "Net profit from business activities": 712,
        "Profit": "N/A",
        "Profit before tax": 712,
        "Present corporate income tax expenses": 142,
        "Deferred income taxes expenses": "N/A",
        "The interests of minority shareholders": "N/A",
        "Total Cost of profits": 142,
        "Profit after tax corporate income": 570,
        "Volume": 4122602,
        "Close of Quarter": 5.5,
        "EPS": 90.6,
        "Non-adjusted EPS": 138,
        "PE": 39.9,
        "Book Price": 13.3
      }
    }
  ]
}