{
  "ticker": "WSB",
  "data": [
    {
      "quarter": "Q1 2017",
      "income status": {
        "Net sales": 244189,
        "Cost of goods sold": 195092,
        "Gross Profit": 49097,
        "Financial expenses": 2808,
        "Of which: Interest expense": 2808,
        "Cost of sales": 2833,
        "Enterprise cost management": 7516,
        "Total Operating Expenses": 13157,
        "Total revenue financing activities": 73,
        "Net profit from business activities": 38002,
        "Profit": -48,
        "Profit before tax": 37954,
        "Present corporate income tax expenses": 3066,
        "Deferred income taxes expenses": "N/A",
        "The interests of minority shareholders": "N/A",
        "Total Cost of profits": 3066,
        "Profit after tax corporate income": 34889,
        "Volume": 14500000,
        "Close of Quarter": 55.6,
        "EPS": 7910,
        "Non-adjusted EPS": 7910,
        "PE": 7.0,
        "Book Price": 36.5
      }
    },
    {
      "quarter": "Q4 2016",
      "income status": {
        "Net sales": 264455,
        "Cost of goods sold": 214233,
        "Gross Profit": 50222,
        "Financial expenses": 4384,
        "Of which: Interest expense": 4384,
        "Cost of sales": -3342,
        "Enterprise cost management": 13951,
        "Total Operating Expenses": 14993,
        "Total revenue financing activities": 6,
        "Net profit from business activities": 35474,
        "Profit": -1113,
        "Profit before tax": 34361,
        "Present corporate income tax expenses": 3365,
        "Deferred income taxes expenses": "N/A",
        "The interests of minority shareholders": "N/A",
        "Total Cost of profits": 3365,
        "Profit after tax corporate income": 30996,
        "Volume": 14500000,
        "Close of Quarter": 54.6,
        "EPS": 7007,
        "Non-adjusted EPS": 7007,
        "PE": 7.8,
        "Book Price": 34.1
      }
    },
    {
      "quarter": "Q3 2016",
      "income status": {
        "Net sales": 209163,
        "Cost of goods sold": 172238,
        "Gross Profit": 36925,
        "Financial expenses": 5444,
        "Of which: Interest expense": 5444,
        "Cost of sales": 2978,
        "Enterprise cost management": 7194,
        "Total Operating Expenses": 15616,
        "Total revenue financing activities": 80,
        "Net profit from business activities": 18567,
        "Profit": 13386,
        "Profit before tax": 31953,
        "Present corporate income tax expenses": 4160,
        "Deferred income taxes expenses": "N/A",
        "The interests of minority shareholders": "N/A",
        "Total Cost of profits": 4160,
        "Profit after tax corporate income": 27793,
        "Volume": 14500000,
        "Close of Quarter": 49.2,
        "EPS": 6601,
        "Non-adjusted EPS": 6601,
        "PE": 7.5,
        "Book Price": 33.7
      }
    },
    {
      "quarter": "Q2 2016",
      "income status": {
        "Net sales": 232225,
        "Cost of goods sold": 189895,
        "Gross Profit": 42331,
        "Financial expenses": 7644,
        "Of which: Interest expense": 7644,
        "Cost of sales": 2625,
        "Enterprise cost management": 8484,
        "Total Operating Expenses": 18753,
        "Total revenue financing activities": 1542,
        "Net profit from business activities": 26192,
        "Profit": -3202,
        "Profit before tax": 22990,
        "Present corporate income tax expenses": 1975,
        "Deferred income taxes expenses": "N/A",
        "The interests of minority shareholders": "N/A",
        "Total Cost of profits": 1975,
        "Profit after tax corporate income": 21015,
        "Volume": 14500000,
        "Close of Quarter": 36.0,
        "EPS": 6030,
        "Non-adjusted EPS": 6030,
        "PE": 6.0,
        "Book Price": 31.5
      }
    },
    {
      "quarter": "Q1 2016",
      "income status": {
        "Net sales": 197178,
        "Cost of goods sold": 162483,
        "Gross Profit": 34695,
        "Financial expenses": 5837,
        "Of which: Interest expense": 5837,
        "Cost of sales": 3330,
        "Enterprise cost management": 6450,
        "Total Operating Expenses": 15617,
        "Total revenue financing activities": 1040,
        "Net profit from business activities": 21989,
        "Profit": 1872,
        "Profit before tax": 23861,
        "Present corporate income tax expenses": 2066,
        "Deferred income taxes expenses": "N/A",
        "The interests of minority shareholders": "N/A",
        "Total Cost of profits": 2066,
        "Profit after tax corporate income": 21795,
        "Volume": 14500000,
        "Close of Quarter": 38.4,
        "EPS": 6026,
        "Non-adjusted EPS": 6026,
        "PE": 6.4,
        "Book Price": 30.1
      }
    },
    {
      "quarter": "Q4 2015",
      "income status": {
        "Net sales": 256040,
        "Cost of goods sold": 214706,
        "Gross Profit": 41334,
        "Financial expenses": 6472,
        "Of which: Interest expense": 5779,
        "Cost of sales": 16,
        "Enterprise cost management": 12543,
        "Total Operating Expenses": 19031,
        "Total revenue financing activities": 519,
        "Net profit from business activities": 26574,
        "Profit": -27,
        "Profit before tax": 26546,
        "Present corporate income tax expenses": 1435,
        "Deferred income taxes expenses": "N/A",
        "The interests of minority shareholders": "N/A",
        "Total Cost of profits": 1435,
        "Profit after tax corporate income": 25112,
        "Volume": 14500000,
        "Close of Quarter": 30.7,
        "EPS": 6584,
        "Non-adjusted EPS": 6584,
        "PE": 4.7,
        "Book Price": 31.7
      }
    },
    {
      "quarter": "Q3 2015",
      "income status": {
        "Net sales": 201641,
        "Cost of goods sold": 170830,
        "Gross Profit": 30811,
        "Financial expenses": 7746,
        "Of which: Interest expense": 6592,
        "Cost of sales": 14,
        "Enterprise cost management": 5190,
        "Total Operating Expenses": 12950,
        "Total revenue financing activities": 306,
        "Net profit from business activities": 18856,
        "Profit": 1930,
        "Profit before tax": 20787,
        "Present corporate income tax expenses": 1269,
        "Deferred income taxes expenses": "N/A",
        "The interests of minority shareholders": "N/A",
        "Total Cost of profits": 1269,
        "Profit after tax corporate income": 19517,
        "Volume": 14500000,
        "Close of Quarter": 33.3,
        "EPS": 7199,
        "Non-adjusted EPS": 7199,
        "PE": 4.6,
        "Book Price": 30.9
      }
    },
    {
      "quarter": "Q2 2015",
      "income status": {
        "Net sales": 167895,
        "Cost of goods sold": 135530,
        "Gross Profit": 32365,
        "Financial expenses": 6437,
        "Of which: Interest expense": 6437,
        "Cost of sales": 15,
        "Enterprise cost management": 6054,
        "Total Operating Expenses": 12506,
        "Total revenue financing activities": 1099,
        "Net profit from business activities": 23547,
        "Profit": 86,
        "Profit before tax": 23633,
        "Present corporate income tax expenses": 2677,
        "Deferred income taxes expenses": "N/A",
        "The interests of minority shareholders": "N/A",
        "Total Cost of profits": 2677,
        "Profit after tax corporate income": 20957,
        "Volume": 14500000,
        "Close of Quarter": 35.5,
        "EPS": 7538,
        "Non-adjusted EPS": 7538,
        "PE": 4.7,
        "Book Price": 29.5
      }
    },
    {
      "quarter": "Q1 2015",
      "income status": {
        "Net sales": 200810,
        "Cost of goods sold": 157046,
        "Gross Profit": 43764,
        "Financial expenses": 6386,
        "Of which: Interest expense": 6386,
        "Cost of sales": 75,
        "Enterprise cost management": 7725,
        "Total Operating Expenses": 14186,
        "Total revenue financing activities": 2018,
        "Net profit from business activities": 32881,
        "Profit": 107,
        "Profit before tax": 32988,
        "Present corporate income tax expenses": 3106,
        "Deferred income taxes expenses": "N/A",
        "The interests of minority shareholders": "N/A",
        "Total Cost of profits": 3106,
        "Profit after tax corporate income": 29882,
        "Volume": 14500000,
        "Close of Quarter": 30.7,
        "EPS": 7029,
        "Non-adjusted EPS": 7029,
        "PE": 4.4,
        "Book Price": 29.8
      }
    },
    {
      "quarter": "Q4 2014",
      "income status": {
        "Net sales": 230252,
        "Cost of goods sold": 184557,
        "Gross Profit": 45695,
        "Financial expenses": 4392,
        "Of which: Interest expense": 4648,
        "Cost of sales": 552,
        "Enterprise cost management": 4678,
        "Total Operating Expenses": 9622,
        "Total revenue financing activities": 150,
        "Net profit from business activities": 35621,
        "Profit": 1791,
        "Profit before tax": 37411,
        "Present corporate income tax expenses": 3385,
        "Deferred income taxes expenses": "N/A",
        "The interests of minority shareholders": "N/A",
        "Total Cost of profits": 3385,
        "Profit after tax corporate income": 34027,
        "Volume": 14500000,
        "Close of Quarter": 33.4,
        "EPS": 6602,
        "Non-adjusted EPS": 6602,
        "PE": 5.1,
        "Book Price": 28.8
      }
    },
    {
      "quarter": "Q3 2014",
      "income status": {
        "Net sales": 195460,
        "Cost of goods sold": 161791,
        "Gross Profit": 33669,
        "Financial expenses": 4763,
        "Of which: Interest expense": 4744,
        "Cost of sales": 1248,
        "Enterprise cost management": 6391,
        "Total Operating Expenses": 12402,
        "Total revenue financing activities": 662,
        "Net profit from business activities": 24975,
        "Profit": 435,
        "Profit before tax": 25410,
        "Present corporate income tax expenses": 978,
        "Deferred income taxes expenses": "N/A",
        "The interests of minority shareholders": "N/A",
        "Total Cost of profits": 978,
        "Profit after tax corporate income": 24433,
        "Volume": 14500000,
        "Close of Quarter": 26.6,
        "EPS": 5308,
        "Non-adjusted EPS": 5308,
        "PE": 5.0,
        "Book Price": 27.1
      }
    },
    {
      "quarter": "Q2 2014",
      "income status": {
        "Net sales": 167068,
        "Cost of goods sold": 142264,
        "Gross Profit": 24804,
        "Financial expenses": 5232,
        "Of which: Interest expense": 5214,
        "Cost of sales": -1694,
        "Enterprise cost management": 6205,
        "Total Operating Expenses": 9743,
        "Total revenue financing activities": 769,
        "Net profit from business activities": 15594,
        "Profit": 950,
        "Profit before tax": 16544,
        "Present corporate income tax expenses": 2972,
        "Deferred income taxes expenses": "N/A",
        "The interests of minority shareholders": "N/A",
        "Total Cost of profits": 2972,
        "Profit after tax corporate income": 13572,
        "Volume": 14500000,
        "Close of Quarter": 23.7,
        "EPS": 4393,
        "Non-adjusted EPS": 4393,
        "PE": 5.4,
        "Book Price": 25.3
      }
    },
    {
      "quarter": "Q1 2014",
      "income status": {
        "Net sales": 168271,
        "Cost of goods sold": 135726,
        "Gross Profit": 32545,
        "Financial expenses": 5948,
        "Of which: Interest expense": 5942,
        "Cost of sales": 3329,
        "Enterprise cost management": 4805,
        "Total Operating Expenses": 14082,
        "Total revenue financing activities": 2825,
        "Net profit from business activities": 24117,
        "Profit": 519,
        "Profit before tax": 24637,
        "Present corporate income tax expenses": 932,
        "Deferred income taxes expenses": "N/A",
        "The interests of minority shareholders": "N/A",
        "Total Cost of profits": 932,
        "Profit after tax corporate income": 23704,
        "Volume": 14500000,
        "Close of Quarter": 21.8,
        "EPS": 3457,
        "Non-adjusted EPS": 3457,
        "PE": 6.3,
        "Book Price": 26.2
      }
    },
    {
      "quarter": "Q4 2013",
      "income status": {
        "Net sales": 83686,
        "Cost of goods sold": 67541,
        "Gross Profit": 16145,
        "Financial expenses": -1200,
        "Of which: Interest expense": "N/A",
        "Cost of sales": 1261,
        "Enterprise cost management": 4411,
        "Total Operating Expenses": 4472,
        "Total revenue financing activities": 2860,
        "Net profit from business activities": 14534,
        "Profit": 174,
        "Profit before tax": 18200,
        "Present corporate income tax expenses": 2943,
        "Deferred income taxes expenses": "N/A",
        "The interests of minority shareholders": "N/A",
        "Total Cost of profits": 2943,
        "Profit after tax corporate income": 15258,
        "Volume": 14500000,
        "Close of Quarter": 19.9,
        "EPS": 1822,
        "Non-adjusted EPS": 1822,
        "PE": 10.9,
        "Book Price": 25.4
      }
    },
    {
      "quarter": "Q3 2013",
      "income status": {
        "Net sales": 82140,
        "Cost of goods sold": 66802,
        "Gross Profit": 15338,
        "Financial expenses": "N/A",
        "Of which: Interest expense": "N/A",
        "Cost of sales": 891,
        "Enterprise cost management": 3415,
        "Total Operating Expenses": 4306,
        "Total revenue financing activities": 971,
        "Net profit from business activities": 12003,
        "Profit": 680,
        "Profit before tax": 12684,
        "Present corporate income tax expenses": 1521,
        "Deferred income taxes expenses": "N/A",
        "The interests of minority shareholders": "N/A",
        "Total Cost of profits": 1521,
        "Profit after tax corporate income": 11163,
        "Volume": 14500000,
        "Close of Quarter": 20.2,
        "EPS": 770,
        "Non-adjusted EPS": 770,
        "PE": 26.2,
        "Book Price": 24.3
      }
    }
  ]
}