{
  "ticker": "PVB",
  "data": [
    {
      "quarter": "Q1 2017",
      "income status": {
        "Net sales": 47013,
        "Cost of goods sold": 51827,
        "Gross Profit": -4814,
        "Financial expenses": "N/A",
        "Of which: Interest expense": "N/A",
        "Cost of sales": "N/A",
        "Enterprise cost management": 5998,
        "Total Operating Expenses": 5998,
        "Total revenue financing activities": 1993,
        "Net profit from business activities": -8819,
        "Profit": 3215,
        "Profit before tax": -5604,
        "Present corporate income tax expenses": "N/A",
        "Deferred income taxes expenses": "N/A",
        "The interests of minority shareholders": "N/A",
        "Total Cost of profits": 0,
        "Profit after tax corporate income": -5604,
        "Volume": 21599998,
        "Close of Quarter": 10,
        "EPS": -1908,
        "Non-adjusted EPS": -1908,
        "PE": -5.2,
        "Book Price": 15.8
      }
    },
    {
      "quarter": "Q4 2016",
      "income status": {
        "Net sales": 2330,
        "Cost of goods sold": 8147,
        "Gross Profit": -5817,
        "Financial expenses": 106,
        "Of which: Interest expense": "N/A",
        "Cost of sales": "N/A",
        "Enterprise cost management": 8705,
        "Total Operating Expenses": 8811,
        "Total revenue financing activities": 1952,
        "Net profit from business activities": -12676,
        "Profit": 12016,
        "Profit before tax": -661,
        "Present corporate income tax expenses": "N/A",
        "Deferred income taxes expenses": "N/A",
        "The interests of minority shareholders": "N/A",
        "Total Cost of profits": 0,
        "Profit after tax corporate income": -661,
        "Volume": 21599998,
        "Close of Quarter": 10.5,
        "EPS": -2496,
        "Non-adjusted EPS": -2496,
        "PE": -4.2,
        "Book Price": 16.1
      }
    },
    {
      "quarter": "Q3 2016",
      "income status": {
        "Net sales": 1435,
        "Cost of goods sold": 33733,
        "Gross Profit": -32298,
        "Financial expenses": 217,
        "Of which: Interest expense": 217,
        "Cost of sales": "N/A",
        "Enterprise cost management": 6201,
        "Total Operating Expenses": 6418,
        "Total revenue financing activities": 936,
        "Net profit from business activities": -37780,
        "Profit": "N/A",
        "Profit before tax": -37780,
        "Present corporate income tax expenses": "N/A",
        "Deferred income taxes expenses": "N/A",
        "The interests of minority shareholders": "N/A",
        "Total Cost of profits": 0,
        "Profit after tax corporate income": -37780,
        "Volume": 21599998,
        "Close of Quarter": 15.3,
        "EPS": -3261,
        "Non-adjusted EPS": -3261,
        "PE": -4.7,
        "Book Price": 16.1
      }
    },
    {
      "quarter": "Q2 2016",
      "income status": {
        "Net sales": 1200,
        "Cost of goods sold": 17254,
        "Gross Profit": -16054,
        "Financial expenses": 254,
        "Of which: Interest expense": 254,
        "Cost of sales": "N/A",
        "Enterprise cost management": 7663,
        "Total Operating Expenses": 7917,
        "Total revenue financing activities": 433,
        "Net profit from business activities": -23538,
        "Profit": 26378,
        "Profit before tax": 2840,
        "Present corporate income tax expenses": "N/A",
        "Deferred income taxes expenses": "N/A",
        "The interests of minority shareholders": "N/A",
        "Total Cost of profits": 0,
        "Profit after tax corporate income": 2840,
        "Volume": 21599998,
        "Close of Quarter": 17.2,
        "EPS": 113,
        "Non-adjusted EPS": 113,
        "PE": 152.4,
        "Book Price": 20.3
      }
    },
    {
      "quarter": "Q1 2016",
      "income status": {
        "Net sales": 1462,
        "Cost of goods sold": 18869,
        "Gross Profit": -17407,
        "Financial expenses": 370,
        "Of which: Interest expense": 327,
        "Cost of sales": "N/A",
        "Enterprise cost management": 6641,
        "Total Operating Expenses": 7011,
        "Total revenue financing activities": 367,
        "Net profit from business activities": -24051,
        "Profit": 5834,
        "Profit before tax": -18216,
        "Present corporate income tax expenses": 94,
        "Deferred income taxes expenses": "N/A",
        "The interests of minority shareholders": "N/A",
        "Total Cost of profits": 94,
        "Profit after tax corporate income": -18310,
        "Volume": 21599998,
        "Close of Quarter": 19.5,
        "EPS": 3090,
        "Non-adjusted EPS": 3090,
        "PE": 6.3,
        "Book Price": 23.1
      }
    },
    {
      "quarter": "Q4 2015",
      "income status": {
        "Net sales": 52882,
        "Cost of goods sold": 97083,
        "Gross Profit": -44201,
        "Financial expenses": 2530,
        "Of which: Interest expense": 726,
        "Cost of sales": "N/A",
        "Enterprise cost management": 15890,
        "Total Operating Expenses": 18420,
        "Total revenue financing activities": 614,
        "Net profit from business activities": -62008,
        "Profit": 39824,
        "Profit before tax": -22183,
        "Present corporate income tax expenses": -4988,
        "Deferred income taxes expenses": "N/A",
        "The interests of minority shareholders": "N/A",
        "Total Cost of profits": -4988,
        "Profit after tax corporate income": -17195,
        "Volume": 21599998,
        "Close of Quarter": 24.4,
        "EPS": 5783,
        "Non-adjusted EPS": 5783,
        "PE": 4.2,
        "Book Price": 23.9
      }
    },
    {
      "quarter": "Q3 2015",
      "income status": {
        "Net sales": 233282,
        "Cost of goods sold": 177924,
        "Gross Profit": 55358,
        "Financial expenses": 1133,
        "Of which: Interest expense": 1133,
        "Cost of sales": "N/A",
        "Enterprise cost management": 11852,
        "Total Operating Expenses": 12985,
        "Total revenue financing activities": 930,
        "Net profit from business activities": 43303,
        "Profit": 1713,
        "Profit before tax": 45016,
        "Present corporate income tax expenses": 9904,
        "Deferred income taxes expenses": "N/A",
        "The interests of minority shareholders": "N/A",
        "Total Cost of profits": 9904,
        "Profit after tax corporate income": 35112,
        "Volume": 21599998,
        "Close of Quarter": 25.2,
        "EPS": 7287,
        "Non-adjusted EPS": 7287,
        "PE": 3.5,
        "Book Price": 22.5
      }
    },
    {
      "quarter": "Q2 2015",
      "income status": {
        "Net sales": 279478,
        "Cost of goods sold": 172075,
        "Gross Profit": 107403,
        "Financial expenses": 3994,
        "Of which: Interest expense": 1798,
        "Cost of sales": "N/A",
        "Enterprise cost management": 12682,
        "Total Operating Expenses": 16676,
        "Total revenue financing activities": 340,
        "Net profit from business activities": 91067,
        "Profit": -2829,
        "Profit before tax": 88238,
        "Present corporate income tax expenses": 19128,
        "Deferred income taxes expenses": 1976,
        "The interests of minority shareholders": "N/A",
        "Total Cost of profits": 21104,
        "Profit after tax corporate income": 67134,
        "Volume": 21599998,
        "Close of Quarter": 35.1,
        "EPS": 6743,
        "Non-adjusted EPS": 6743,
        "PE": 5.2,
        "Book Price": 21
      }
    },
    {
      "quarter": "Q1 2015",
      "income status": {
        "Net sales": 402011,
        "Cost of goods sold": 341232,
        "Gross Profit": 60779,
        "Financial expenses": 2366,
        "Of which: Interest expense": 2185,
        "Cost of sales": "N/A",
        "Enterprise cost management": 8052,
        "Total Operating Expenses": 10418,
        "Total revenue financing activities": 393,
        "Net profit from business activities": 50754,
        "Profit": 354,
        "Profit before tax": 51109,
        "Present corporate income tax expenses": 11244,
        "Deferred income taxes expenses": "N/A",
        "The interests of minority shareholders": "N/A",
        "Total Cost of profits": 11244,
        "Profit after tax corporate income": 39865,
        "Volume": 21599998,
        "Close of Quarter": 27.5,
        "EPS": 7752,
        "Non-adjusted EPS": 7752,
        "PE": 3.6,
        "Book Price": 20
      }
    },
    {
      "quarter": "Q4 2014",
      "income status": {
        "Net sales": 243320,
        "Cost of goods sold": 198252,
        "Gross Profit": 45068,
        "Financial expenses": 3003,
        "Of which: Interest expense": 2407,
        "Cost of sales": "N/A",
        "Enterprise cost management": 22339,
        "Total Operating Expenses": 25342,
        "Total revenue financing activities": 1078,
        "Net profit from business activities": 20804,
        "Profit": 16,
        "Profit before tax": 20820,
        "Present corporate income tax expenses": 8065,
        "Deferred income taxes expenses": -2534,
        "The interests of minority shareholders": "N/A",
        "Total Cost of profits": 5531,
        "Profit after tax corporate income": 15289,
        "Volume": 21599998,
        "Close of Quarter": 36.5,
        "EPS": 6830,
        "Non-adjusted EPS": 6830,
        "PE": 5.4,
        "Book Price": 18.7
      }
    },
    {
      "quarter": "Q3 2014",
      "income status": {
        "Net sales": 230730,
        "Cost of goods sold": 192383,
        "Gross Profit": 38348,
        "Financial expenses": 2659,
        "Of which: Interest expense": 2613,
        "Cost of sales": "N/A",
        "Enterprise cost management": 6531,
        "Total Operating Expenses": 9190,
        "Total revenue financing activities": 788,
        "Net profit from business activities": 29946,
        "Profit": 9,
        "Profit before tax": 29955,
        "Present corporate income tax expenses": 6590,
        "Deferred income taxes expenses": "N/A",
        "The interests of minority shareholders": "N/A",
        "Total Cost of profits": 6590,
        "Profit after tax corporate income": 23365,
        "Volume": 21599998,
        "Close of Quarter": 49.8,
        "EPS": 6595,
        "Non-adjusted EPS": 6595,
        "PE": 7.6,
        "Book Price": 18
      }
    },
    {
      "quarter": "Q2 2014",
      "income status": {
        "Net sales": 348107,
        "Cost of goods sold": 205796,
        "Gross Profit": 142311,
        "Financial expenses": 3975,
        "Of which: Interest expense": 2716,
        "Cost of sales": "N/A",
        "Enterprise cost management": 26234,
        "Total Operating Expenses": 30209,
        "Total revenue financing activities": 1862,
        "Net profit from business activities": 113964,
        "Profit": 15,
        "Profit before tax": 113979,
        "Present corporate income tax expenses": 28830,
        "Deferred income taxes expenses": -3774,
        "The interests of minority shareholders": "N/A",
        "Total Cost of profits": 25056,
        "Profit after tax corporate income": 88922,
        "Volume": 21599998,
        "Close of Quarter": 20.8,
        "EPS": 6399,
        "Non-adjusted EPS": 6399,
        "PE": 3.2,
        "Book Price": 17.1
      }
    },
    {
      "quarter": "Q1 2014",
      "income status": {
        "Net sales": 179299,
        "Cost of goods sold": 145976,
        "Gross Profit": 33323,
        "Financial expenses": 3029,
        "Of which: Interest expense": 3029,
        "Cost of sales": "N/A",
        "Enterprise cost management": 5966,
        "Total Operating Expenses": 8995,
        "Total revenue financing activities": 1246,
        "Net profit from business activities": 25574,
        "Profit": 21,
        "Profit before tax": 25595,
        "Present corporate income tax expenses": 5650,
        "Deferred income taxes expenses": "N/A",
        "The interests of minority shareholders": "N/A",
        "Total Cost of profits": 5650,
        "Profit after tax corporate income": 19945,
        "Volume": 21599998,
        "Close of Quarter": 21.0,
        "EPS": 2282,
        "Non-adjusted EPS": 2282,
        "PE": 9.2,
        "Book Price": 15
      }
    },
    {
      "quarter": "Q4 2013",
      "income status": {
        "Net sales": 46714,
        "Cost of goods sold": 24247,
        "Gross Profit": 22467,
        "Financial expenses": 3666,
        "Of which: Interest expense": 3614,
        "Cost of sales": "N/A",
        "Enterprise cost management": 4296,
        "Total Operating Expenses": 7962,
        "Total revenue financing activities": 1528,
        "Net profit from business activities": 16032,
        "Profit": -2407,
        "Profit before tax": 13625,
        "Present corporate income tax expenses": 3406,
        "Deferred income taxes expenses": "N/A",
        "The interests of minority shareholders": "N/A",
        "Total Cost of profits": 3406,
        "Profit after tax corporate income": 10219,
        "Volume": 21599998,
        "Close of Quarter": 17.2,
        "EPS": 1359,
        "Non-adjusted EPS": 1359,
        "PE": 12.7,
        "Book Price": 14.4
      }
    },
    {
      "quarter": "Q3 2013",
      "income status": {
        "Net sales": 113653,
        "Cost of goods sold": 79101,
        "Gross Profit": 34552,
        "Financial expenses": 4322,
        "Of which: Interest expense": 4268,
        "Cost of sales": "N/A",
        "Enterprise cost management": 5299,
        "Total Operating Expenses": 9621,
        "Total revenue financing activities": 356,
        "Net profit from business activities": 25287,
        "Profit": 224,
        "Profit before tax": 25511,
        "Present corporate income tax expenses": 6378,
        "Deferred income taxes expenses": "N/A",
        "The interests of minority shareholders": "N/A",
        "Total Cost of profits": 6378,
        "Profit after tax corporate income": 19133,
        "Volume": 21599998,
        "Close of Quarter": "N/A",
        "EPS": 886,
        "Non-adjusted EPS": 886,
        "PE": "N/A",
        "Book Price": 12.9
      }
    }
  ]
}