{
  "ticker": "TNB",
  "data": [
    {
      "quarter": "Q1 2017",
      "income status": {
        "Net sales": 436000,
        "Cost of goods sold": 412334,
        "Gross Profit": 23666,
        "Financial expenses": 2547,
        "Of which: Interest expense": 1941,
        "Cost of sales": 5395,
        "Enterprise cost management": 8165,
        "Total Operating Expenses": 16107,
        "Total revenue financing activities": 195,
        "Net profit from business activities": 7754,
        "Profit": 399,
        "Profit before tax": 8152,
        "Present corporate income tax expenses": 1774,
        "Deferred income taxes expenses": "N/A",
        "The interests of minority shareholders": "N/A",
        "Total Cost of profits": 1774,
        "Profit after tax corporate income": 6378,
        "Volume": 11500000,
        "Close of Quarter": 6.4,
        "EPS": 1094,
        "Non-adjusted EPS": 1094,
        "PE": 5.8,
        "Book Price": 15.4
      }
    },
    {
      "quarter": "Q4 2016",
      "income status": {
        "Net sales": 409825,
        "Cost of goods sold": 394311,
        "Gross Profit": 15513,
        "Financial expenses": 1529,
        "Of which: Interest expense": 1358,
        "Cost of sales": 955,
        "Enterprise cost management": 9648,
        "Total Operating Expenses": 12132,
        "Total revenue financing activities": 324,
        "Net profit from business activities": 3705,
        "Profit": 1038,
        "Profit before tax": 4743,
        "Present corporate income tax expenses": 1001,
        "Deferred income taxes expenses": "N/A",
        "The interests of minority shareholders": "N/A",
        "Total Cost of profits": 1001,
        "Profit after tax corporate income": 3743,
        "Volume": 11500000,
        "Close of Quarter": 6.9,
        "EPS": 801,
        "Non-adjusted EPS": 801,
        "PE": 8.7,
        "Book Price": 15.5
      }
    },
    {
      "quarter": "Q3 2016",
      "income status": {
        "Net sales": 350444,
        "Cost of goods sold": 347567,
        "Gross Profit": 2877,
        "Financial expenses": 1271,
        "Of which: Interest expense": 1111,
        "Cost of sales": 4418,
        "Enterprise cost management": 7537,
        "Total Operating Expenses": 13226,
        "Total revenue financing activities": 234,
        "Net profit from business activities": -10115,
        "Profit": 4307,
        "Profit before tax": -5808,
        "Present corporate income tax expenses": -1167,
        "Deferred income taxes expenses": "N/A",
        "The interests of minority shareholders": "N/A",
        "Total Cost of profits": -1167,
        "Profit after tax corporate income": -4641,
        "Volume": 11500000,
        "Close of Quarter": 8.2,
        "EPS": 1465,
        "Non-adjusted EPS": 1465,
        "PE": 5.6,
        "Book Price": 15.2
      }
    },
    {
      "quarter": "Q2 2016",
      "income status": {
        "Net sales": 330809,
        "Cost of goods sold": 316131,
        "Gross Profit": 14678,
        "Financial expenses": -55,
        "Of which: Interest expense": 296,
        "Cost of sales": 2493,
        "Enterprise cost management": 7388,
        "Total Operating Expenses": 9826,
        "Total revenue financing activities": 403,
        "Net profit from business activities": 5254,
        "Profit": 3624,
        "Profit before tax": 8878,
        "Present corporate income tax expenses": 1781,
        "Deferred income taxes expenses": "N/A",
        "The interests of minority shareholders": "N/A",
        "Total Cost of profits": 1781,
        "Profit after tax corporate income": 7097,
        "Volume": 11500000,
        "Close of Quarter": 7.8,
        "EPS": 3072,
        "Non-adjusted EPS": 3072,
        "PE": 2.5,
        "Book Price": 20.5
      }
    },
    {
      "quarter": "Q1 2016",
      "income status": {
        "Net sales": 383692,
        "Cost of goods sold": 366039,
        "Gross Profit": 17652,
        "Financial expenses": 1181,
        "Of which: Interest expense": 260,
        "Cost of sales": 5301,
        "Enterprise cost management": 7591,
        "Total Operating Expenses": 14073,
        "Total revenue financing activities": 261,
        "Net profit from business activities": 3841,
        "Profit": 21,
        "Profit before tax": 3862,
        "Present corporate income tax expenses": 848,
        "Deferred income taxes expenses": "N/A",
        "The interests of minority shareholders": "N/A",
        "Total Cost of profits": 848,
        "Profit after tax corporate income": 3014,
        "Volume": 11500000,
        "Close of Quarter": 11.7,
        "EPS": 4389,
        "Non-adjusted EPS": 4389,
        "PE": 2.7,
        "Book Price": 19.9
      }
    },
    {
      "quarter": "Q4 2015",
      "income status": {
        "Net sales": 257981,
        "Cost of goods sold": 234806,
        "Gross Profit": 23175,
        "Financial expenses": -1405,
        "Of which: Interest expense": -470,
        "Cost of sales": 1808,
        "Enterprise cost management": 8821,
        "Total Operating Expenses": 9224,
        "Total revenue financing activities": 706,
        "Net profit from business activities": 14657,
        "Profit": 93,
        "Profit before tax": 14750,
        "Present corporate income tax expenses": 3376,
        "Deferred income taxes expenses": "N/A",
        "The interests of minority shareholders": "N/A",
        "Total Cost of profits": 3376,
        "Profit after tax corporate income": 11374,
        "Volume": 11500000,
        "Close of Quarter": 7.3,
        "EPS": 4905,
        "Non-adjusted EPS": 4905,
        "PE": 1.5,
        "Book Price": 19.8
      }
    },
    {
      "quarter": "Q3 2015",
      "income status": {
        "Net sales": 314711,
        "Cost of goods sold": 282595,
        "Gross Profit": 32116,
        "Financial expenses": 4117,
        "Of which: Interest expense": 2792,
        "Cost of sales": 2664,
        "Enterprise cost management": 8553,
        "Total Operating Expenses": 15334,
        "Total revenue financing activities": 961,
        "Net profit from business activities": 17744,
        "Profit": 6,
        "Profit before tax": 17749,
        "Present corporate income tax expenses": 3905,
        "Deferred income taxes expenses": "N/A",
        "The interests of minority shareholders": "N/A",
        "Total Cost of profits": 3905,
        "Profit after tax corporate income": 13845,
        "Volume": 11500000,
        "Close of Quarter": 6.1,
        "EPS": 3994,
        "Non-adjusted EPS": 3994,
        "PE": 1.5,
        "Book Price": 18.8
      }
    },
    {
      "quarter": "Q2 2015",
      "income status": {
        "Net sales": 382699,
        "Cost of goods sold": 342434,
        "Gross Profit": 40265,
        "Financial expenses": 2857,
        "Of which: Interest expense": 1804,
        "Cost of sales": 4477,
        "Enterprise cost management": 9697,
        "Total Operating Expenses": 17031,
        "Total revenue financing activities": 2897,
        "Net profit from business activities": 26132,
        "Profit": 73,
        "Profit before tax": 26205,
        "Present corporate income tax expenses": 3966,
        "Deferred income taxes expenses": "N/A",
        "The interests of minority shareholders": "N/A",
        "Total Cost of profits": 3966,
        "Profit after tax corporate income": 22239,
        "Volume": 11500000,
        "Close of Quarter": 4.2,
        "EPS": 3358,
        "Non-adjusted EPS": 3358,
        "PE": 1.3,
        "Book Price": 17.6
      }
    },
    {
      "quarter": "Q1 2015",
      "income status": {
        "Net sales": 279216,
        "Cost of goods sold": 255517,
        "Gross Profit": 23698,
        "Financial expenses": 3843,
        "Of which: Interest expense": 2387,
        "Cost of sales": 2433,
        "Enterprise cost management": 6808,
        "Total Operating Expenses": 13084,
        "Total revenue financing activities": 90,
        "Net profit from business activities": 10704,
        "Profit": -1760,
        "Profit before tax": 8944,
        "Present corporate income tax expenses": "N/A",
        "Deferred income taxes expenses": "N/A",
        "The interests of minority shareholders": "N/A",
        "Total Cost of profits": 0,
        "Profit after tax corporate income": 8944,
        "Volume": 11500000,
        "Close of Quarter": 3.5,
        "EPS": 1417,
        "Non-adjusted EPS": 1417,
        "PE": 2.5,
        "Book Price": 15.7
      }
    },
    {
      "quarter": "Q4 2014",
      "income status": {
        "Net sales": 305471,
        "Cost of goods sold": 292687,
        "Gross Profit": 12784,
        "Financial expenses": 3729,
        "Of which: Interest expense": 2024,
        "Cost of sales": 2510,
        "Enterprise cost management": 6934,
        "Total Operating Expenses": 13173,
        "Total revenue financing activities": 700,
        "Net profit from business activities": 310,
        "Profit": 593,
        "Profit before tax": 903,
        "Present corporate income tax expenses": "N/A",
        "Deferred income taxes expenses": "N/A",
        "The interests of minority shareholders": "N/A",
        "Total Cost of profits": 0,
        "Profit after tax corporate income": 903,
        "Volume": 11500000,
        "Close of Quarter": 3.4,
        "EPS": 766,
        "Non-adjusted EPS": 766,
        "PE": 4.4,
        "Book Price": 14.9
      }
    },
    {
      "quarter": "Q3 2014",
      "income status": {
        "Net sales": 284244,
        "Cost of goods sold": 271359,
        "Gross Profit": 12885,
        "Financial expenses": 3649,
        "Of which: Interest expense": 2026,
        "Cost of sales": 1559,
        "Enterprise cost management": 6496,
        "Total Operating Expenses": 11704,
        "Total revenue financing activities": 85,
        "Net profit from business activities": 1266,
        "Profit": 5266,
        "Profit before tax": 6532,
        "Present corporate income tax expenses": "N/A",
        "Deferred income taxes expenses": "N/A",
        "The interests of minority shareholders": "N/A",
        "Total Cost of profits": 0,
        "Profit after tax corporate income": 6532,
        "Volume": 11500000,
        "Close of Quarter": 3.7,
        "EPS": 1423,
        "Non-adjusted EPS": 1423,
        "PE": 2.6,
        "Book Price": 14.8
      }
    },
    {
      "quarter": "Q2 2014",
      "income status": {
        "Net sales": 281853,
        "Cost of goods sold": 271006,
        "Gross Profit": 10847,
        "Financial expenses": 3501,
        "Of which: Interest expense": 2472,
        "Cost of sales": 1522,
        "Enterprise cost management": 7236,
        "Total Operating Expenses": 12259,
        "Total revenue financing activities": 270,
        "Net profit from business activities": -1142,
        "Profit": 654,
        "Profit before tax": -488,
        "Present corporate income tax expenses": -411,
        "Deferred income taxes expenses": "N/A",
        "The interests of minority shareholders": "N/A",
        "Total Cost of profits": -411,
        "Profit after tax corporate income": -78,
        "Volume": 11500000,
        "Close of Quarter": 3.2,
        "EPS": 1330,
        "Non-adjusted EPS": 1330,
        "PE": 2.4,
        "Book Price": 14.2
      }
    },
    {
      "quarter": "Q1 2014",
      "income status": {
        "Net sales": 289987,
        "Cost of goods sold": 282952,
        "Gross Profit": 7035,
        "Financial expenses": 3510,
        "Of which: Interest expense": 2310,
        "Cost of sales": 1021,
        "Enterprise cost management": 6039,
        "Total Operating Expenses": 10570,
        "Total revenue financing activities": 410,
        "Net profit from business activities": -3124,
        "Profit": 4991,
        "Profit before tax": 1867,
        "Present corporate income tax expenses": 411,
        "Deferred income taxes expenses": "N/A",
        "The interests of minority shareholders": "N/A",
        "Total Cost of profits": 411,
        "Profit after tax corporate income": 1456,
        "Volume": 11500000,
        "Close of Quarter": 4.0,
        "EPS": 1337,
        "Non-adjusted EPS": 1337,
        "PE": 3.0,
        "Book Price": 14.2
      }
    },
    {
      "quarter": "Q3 2010",
      "income status": {
        "Net sales": 206987,
        "Cost of goods sold": 194005,
        "Gross Profit": 12982,
        "Financial expenses": 127,
        "Of which: Interest expense": 127,
        "Cost of sales": 357,
        "Enterprise cost management": 2730,
        "Total Operating Expenses": 3214,
        "Total revenue financing activities": 1578,
        "Net profit from business activities": 11347,
        "Profit": -66,
        "Profit before tax": 11281,
        "Present corporate income tax expenses": 2820,
        "Deferred income taxes expenses": "N/A",
        "The interests of minority shareholders": "N/A",
        "Total Cost of profits": 2820,
        "Profit after tax corporate income": 8460,
        "Volume": 10000000,
        "Close of Quarter": 12.1,
        "EPS": 1210.4,
        "Non-adjusted EPS": 1392,
        "PE": 8.7,
        "Book Price": "N/A"
      }
    },
    {
      "quarter": "Q2 2010",
      "income status": {
        "Net sales": 156107,
        "Cost of goods sold": 141491,
        "Gross Profit": 14615,
        "Financial expenses": 5512,
        "Of which: Interest expense": 1012,
        "Cost of sales": 108,
        "Enterprise cost management": 1982,
        "Total Operating Expenses": 7602,
        "Total revenue financing activities": 492,
        "Net profit from business activities": 7505,
        "Profit": -228,
        "Profit before tax": 7278,
        "Present corporate income tax expenses": 1819,
        "Deferred income taxes expenses": "N/A",
        "The interests of minority shareholders": "N/A",
        "Total Cost of profits": 1819,
        "Profit after tax corporate income": 5458,
        "Volume": 10000000,
        "Close of Quarter": 20.8,
        "EPS": 474.8,
        "Non-adjusted EPS": 546,
        "PE": 38.1,
        "Book Price": "N/A"
      }
    }
  ]
}