{
  "ticker": "NT2",
  "data": [
    {
      "quarter": "Q1 2017",
      "income status": {
        "Net sales": 1769316,
        "Cost of goods sold": 1379582,
        "Gross Profit": 389734,
        "Financial expenses": 96969,
        "Of which: Interest expense": 35388,
        "Cost of sales": "N/A",
        "Enterprise cost management": 30204,
        "Total Operating Expenses": 127173,
        "Total revenue financing activities": 17137,
        "Net profit from business activities": 279697,
        "Profit": 820,
        "Profit before tax": 280517,
        "Present corporate income tax expenses": 14284,
        "Deferred income taxes expenses": -129,
        "The interests of minority shareholders": "N/A",
        "Total Cost of profits": 14155,
        "Profit after tax corporate income": 266362,
        "Volume": 287876029,
        "Close of Quarter": 29.8,
        "EPS": 3589,
        "Non-adjusted EPS": 3589,
        "PE": 8.3,
        "Book Price": 18.1
      }
    },
    {
      "quarter": "Q4 2016",
      "income status": {
        "Net sales": 3522126,
        "Cost of goods sold": 3280070,
        "Gross Profit": 242056,
        "Financial expenses": 45436,
        "Of which: Interest expense": 37814,
        "Cost of sales": "N/A",
        "Enterprise cost management": 18094,
        "Total Operating Expenses": 63530,
        "Total revenue financing activities": 58539,
        "Net profit from business activities": 237065,
        "Profit": 155,
        "Profit before tax": 237221,
        "Present corporate income tax expenses": 11984,
        "Deferred income taxes expenses": -94,
        "The interests of minority shareholders": "N/A",
        "Total Cost of profits": 11890,
        "Profit after tax corporate income": 225331,
        "Volume": 284876029,
        "Close of Quarter": 25.8,
        "EPS": 3770.3,
        "Non-adjusted EPS": 3810,
        "PE": 6.8,
        "Book Price": 17.0
      }
    },
    {
      "quarter": "Q3 2016",
      "income status": {
        "Net sales": 1509985,
        "Cost of goods sold": 1246482,
        "Gross Profit": 263503,
        "Financial expenses": 68841,
        "Of which: Interest expense": 38402,
        "Cost of sales": "N/A",
        "Enterprise cost management": 36477,
        "Total Operating Expenses": 105318,
        "Total revenue financing activities": 15196,
        "Net profit from business activities": 173381,
        "Profit": 83,
        "Profit before tax": 173465,
        "Present corporate income tax expenses": 8660,
        "Deferred income taxes expenses": 27,
        "The interests of minority shareholders": "N/A",
        "Total Cost of profits": 8687,
        "Profit after tax corporate income": 164778,
        "Volume": 284876029,
        "Close of Quarter": 35.2,
        "EPS": 4551.1,
        "Non-adjusted EPS": 4599,
        "PE": 7.7,
        "Book Price": 16.8
      }
    },
    {
      "quarter": "Q2 2016",
      "income status": {
        "Net sales": 1563972,
        "Cost of goods sold": 1182146,
        "Gross Profit": 381827,
        "Financial expenses": 16339,
        "Of which: Interest expense": 39516,
        "Cost of sales": "N/A",
        "Enterprise cost management": -16463,
        "Total Operating Expenses": -124,
        "Total revenue financing activities": 15657,
        "Net profit from business activities": 397608,
        "Profit": -1003,
        "Profit before tax": 396605,
        "Present corporate income tax expenses": 19919,
        "Deferred income taxes expenses": -74,
        "The interests of minority shareholders": "N/A",
        "Total Cost of profits": 19845,
        "Profit after tax corporate income": 376761,
        "Volume": 284876029,
        "Close of Quarter": 31.5,
        "EPS": 4219.6,
        "Non-adjusted EPS": 4264,
        "PE": 7.4,
        "Book Price": 17.7
      }
    },
    {
      "quarter": "Q1 2016",
      "income status": {
        "Net sales": 1387215,
        "Cost of goods sold": 923139,
        "Gross Profit": 464076,
        "Financial expenses": 118398,
        "Of which: Interest expense": 40252,
        "Cost of sales": "N/A",
        "Enterprise cost management": 18734,
        "Total Operating Expenses": 137132,
        "Total revenue financing activities": 13770,
        "Net profit from business activities": 340714,
        "Profit": 177,
        "Profit before tax": 340891,
        "Present corporate income tax expenses": 22372,
        "Deferred income taxes expenses": -121,
        "The interests of minority shareholders": "N/A",
        "Total Cost of profits": 22251,
        "Profit after tax corporate income": 318639,
        "Volume": 273919843,
        "Close of Quarter": 27.9,
        "EPS": 3323.7,
        "Non-adjusted EPS": 3493,
        "PE": 8.0,
        "Book Price": 16.5
      }
    },
    {
      "quarter": "Q4 2015",
      "income status": {
        "Net sales": 1708300,
        "Cost of goods sold": 1186263,
        "Gross Profit": 522037,
        "Financial expenses": -111620,
        "Of which: Interest expense": 52201,
        "Cost of sales": "N/A",
        "Enterprise cost management": 81435,
        "Total Operating Expenses": -30185,
        "Total revenue financing activities": -78561,
        "Net profit from business activities": 473660,
        "Profit": 142,
        "Profit before tax": 473802,
        "Present corporate income tax expenses": 24626,
        "Deferred income taxes expenses": -931,
        "The interests of minority shareholders": "N/A",
        "Total Cost of profits": 23695,
        "Profit after tax corporate income": 450108,
        "Volume": 273919843,
        "Close of Quarter": 22.3,
        "EPS": 3965.9,
        "Non-adjusted EPS": 4168,
        "PE": 5.4,
        "Book Price": 16.6
      }
    },
    {
      "quarter": "Q3 2015",
      "income status": {
        "Net sales": 1276932,
        "Cost of goods sold": 917305,
        "Gross Profit": 359627,
        "Financial expenses": 269148,
        "Of which: Interest expense": 43415,
        "Cost of sales": 66,
        "Enterprise cost management": 27050,
        "Total Operating Expenses": 296264,
        "Total revenue financing activities": 9289,
        "Net profit from business activities": 72651,
        "Profit": 75,
        "Profit before tax": 72727,
        "Present corporate income tax expenses": 3639,
        "Deferred income taxes expenses": "N/A",
        "The interests of minority shareholders": "N/A",
        "Total Cost of profits": 3639,
        "Profit after tax corporate income": 69088,
        "Volume": 273919843,
        "Close of Quarter": 20.2,
        "EPS": 3645.3,
        "Non-adjusted EPS": 3831,
        "PE": 5.3,
        "Book Price": 15.9
      }
    },
    {
      "quarter": "Q2 2015",
      "income status": {
        "Net sales": 1986103,
        "Cost of goods sold": 1579915,
        "Gross Profit": 406188,
        "Financial expenses": 71399,
        "Of which: Interest expense": 44238,
        "Cost of sales": -174,
        "Enterprise cost management": 21563,
        "Total Operating Expenses": 92788,
        "Total revenue financing activities": -188451,
        "Net profit from business activities": 124949,
        "Profit": 317,
        "Profit before tax": 125266,
        "Present corporate income tax expenses": 6269,
        "Deferred income taxes expenses": "N/A",
        "The interests of minority shareholders": "N/A",
        "Total Cost of profits": 6269,
        "Profit after tax corporate income": 118997,
        "Volume": 256000000,
        "Close of Quarter": 17.4,
        "EPS": 5056.4,
        "Non-adjusted EPS": 5686,
        "PE": 3.1,
        "Book Price": 15.7
      }
    },
    {
      "quarter": "Q1 2015",
      "income status": {
        "Net sales": 1758103,
        "Cost of goods sold": 1404182,
        "Gross Profit": 353921,
        "Financial expenses": 130510,
        "Of which: Interest expense": 43479,
        "Cost of sales": 210,
        "Enterprise cost management": 16177,
        "Total Operating Expenses": 146897,
        "Total revenue financing activities": 322758,
        "Net profit from business activities": 529783,
        "Profit": 232,
        "Profit before tax": 530015,
        "Present corporate income tax expenses": 26579,
        "Deferred income taxes expenses": "N/A",
        "The interests of minority shareholders": "N/A",
        "Total Cost of profits": 26579,
        "Profit after tax corporate income": 503436,
        "Volume": 256000000,
        "Close of Quarter": 17.5,
        "EPS": 4915,
        "Non-adjusted EPS": 5527,
        "PE": 3.2,
        "Book Price": 16.5
      }
    },
    {
      "quarter": "Q4 2014",
      "income status": {
        "Net sales": 1781216,
        "Cost of goods sold": 1446590,
        "Gross Profit": 334626,
        "Financial expenses": 77666,
        "Of which: Interest expense": 51069,
        "Cost of sales": 6,
        "Enterprise cost management": 29445,
        "Total Operating Expenses": 107117,
        "Total revenue financing activities": 130070,
        "Net profit from business activities": 357580,
        "Profit": 186,
        "Profit before tax": 357766,
        "Present corporate income tax expenses": "N/A",
        "Deferred income taxes expenses": "N/A",
        "The interests of minority shareholders": "N/A",
        "Total Cost of profits": 0,
        "Profit after tax corporate income": 357766,
        "Volume": 256000000,
        "Close of Quarter": 15.0,
        "EPS": 3241.4,
        "Non-adjusted EPS": 3645,
        "PE": 4.1,
        "Book Price": 12.5
      }
    },
    {
      "quarter": "Q3 2014",
      "income status": {
        "Net sales": 1484011,
        "Cost of goods sold": 1275164,
        "Gross Profit": 208846,
        "Financial expenses": 25172,
        "Of which: Interest expense": 52758,
        "Cost of sales": 45,
        "Enterprise cost management": 16631,
        "Total Operating Expenses": 41848,
        "Total revenue financing activities": 308379,
        "Net profit from business activities": 475377,
        "Profit": 83,
        "Profit before tax": 475460,
        "Present corporate income tax expenses": "N/A",
        "Deferred income taxes expenses": "N/A",
        "The interests of minority shareholders": "N/A",
        "Total Cost of profits": 0,
        "Profit after tax corporate income": 475460,
        "Volume": 256000000,
        "Close of Quarter": 8.1,
        "EPS": 2332.6,
        "Non-adjusted EPS": 2623,
        "PE": 3.1,
        "Book Price": 11.7
      }
    },
    {
      "quarter": "Q2 2014",
      "income status": {
        "Net sales": 1451749,
        "Cost of goods sold": 1202080,
        "Gross Profit": 249669,
        "Financial expenses": 158022,
        "Of which: Interest expense": 57147,
        "Cost of sales": 153,
        "Enterprise cost management": 14697,
        "Total Operating Expenses": 172872,
        "Total revenue financing activities": 1200,
        "Net profit from business activities": 77997,
        "Profit": 190,
        "Profit before tax": 78187,
        "Present corporate income tax expenses": "N/A",
        "Deferred income taxes expenses": "N/A",
        "The interests of minority shareholders": "N/A",
        "Total Cost of profits": 0,
        "Profit after tax corporate income": 78187,
        "Volume": 256000000,
        "Close of Quarter": 5.4,
        "EPS": 362.8,
        "Non-adjusted EPS": 408,
        "PE": 13.2,
        "Book Price": 10.1
      }
    },
    {
      "quarter": "Q1 2014",
      "income status": {
        "Net sales": 1689995,
        "Cost of goods sold": 1489430,
        "Gross Profit": 200565,
        "Financial expenses": 176332,
        "Of which: Interest expense": 58408,
        "Cost of sales": 17,
        "Enterprise cost management": 13931,
        "Total Operating Expenses": 190280,
        "Total revenue financing activities": 10843,
        "Net profit from business activities": 21128,
        "Profit": 476,
        "Profit before tax": 21604,
        "Present corporate income tax expenses": "N/A",
        "Deferred income taxes expenses": "N/A",
        "The interests of minority shareholders": "N/A",
        "Total Cost of profits": 0,
        "Profit after tax corporate income": 21604,
        "Volume": 256000000,
        "Close of Quarter": 5.7,
        "EPS": 91.6,
        "Non-adjusted EPS": 103,
        "PE": 55.6,
        "Book Price": 9.8
      }
    },
    {
      "quarter": "Q4 2013",
      "income status": {
        "Net sales": 1590163,
        "Cost of goods sold": 1298366,
        "Gross Profit": 291797,
        "Financial expenses": 182457,
        "Of which: Interest expense": 63874,
        "Cost of sales": 306,
        "Enterprise cost management": 22094,
        "Total Operating Expenses": 204857,
        "Total revenue financing activities": 8855,
        "Net profit from business activities": 95794,
        "Profit": 326,
        "Profit before tax": 96121,
        "Present corporate income tax expenses": "N/A",
        "Deferred income taxes expenses": "N/A",
        "The interests of minority shareholders": "N/A",
        "Total Cost of profits": 0,
        "Profit after tax corporate income": 96121,
        "Volume": 256000000,
        "Close of Quarter": 4.3,
        "EPS": 16.0,
        "Non-adjusted EPS": 18,
        "PE": 240.6,
        "Book Price": 9.7
      }
    },
    {
      "quarter": "Q3 2013",
      "income status": {
        "Net sales": 1136451,
        "Cost of goods sold": 1002971,
        "Gross Profit": 133480,
        "Financial expenses": 229371,
        "Of which: Interest expense": 63729,
        "Cost of sales": "N/A",
        "Enterprise cost management": 10397,
        "Total Operating Expenses": 239768,
        "Total revenue financing activities": 14196,
        "Net profit from business activities": -92092,
        "Profit": 639,
        "Profit before tax": -91453,
        "Present corporate income tax expenses": "N/A",
        "Deferred income taxes expenses": "N/A",
        "The interests of minority shareholders": "N/A",
        "Total Cost of profits": 0,
        "Profit after tax corporate income": -91453,
        "Volume": 256000000,
        "Close of Quarter": 4.1,
        "EPS": -317.5,
        "Non-adjusted EPS": -357,
        "PE": -11.3,
        "Book Price": 9.3
      }
    }
  ]
}