{
  "ticker": "BXH",
  "data": [
    {
      "quarter": "Q1 2017",
      "income status": {
        "Net sales": 49916,
        "Cost of goods sold": 42259,
        "Gross Profit": 7658,
        "Financial expenses": 499,
        "Of which: Interest expense": 499,
        "Cost of sales": 421,
        "Enterprise cost management": 3899,
        "Total Operating Expenses": 4819,
        "Total revenue financing activities": 6,
        "Net profit from business activities": 2844,
        "Profit": 206,
        "Profit before tax": 3050,
        "Present corporate income tax expenses": 610,
        "Deferred income taxes expenses": "N/A",
        "The interests of minority shareholders": "N/A",
        "Total Cost of profits": 610,
        "Profit after tax corporate income": 2440,
        "Volume": 4919665,
        "Close of Quarter": 22.1,
        "EPS": 1828,
        "Non-adjusted EPS": 1828,
        "PE": 12.1,
        "Book Price": 11.5
      }
    },
    {
      "quarter": "Q4 2016",
      "income status": {
        "Net sales": 67145,
        "Cost of goods sold": 57508,
        "Gross Profit": 9637,
        "Financial expenses": 605,
        "Of which: Interest expense": 605,
        "Cost of sales": 1525,
        "Enterprise cost management": 5867,
        "Total Operating Expenses": 7997,
        "Total revenue financing activities": 8,
        "Net profit from business activities": 1647,
        "Profit": 313,
        "Profit before tax": 1960,
        "Present corporate income tax expenses": 652,
        "Deferred income taxes expenses": "N/A",
        "The interests of minority shareholders": "N/A",
        "Total Cost of profits": 652,
        "Profit after tax corporate income": 1307,
        "Volume": 4919665,
        "Close of Quarter": 25.9,
        "EPS": 1717,
        "Non-adjusted EPS": 1717,
        "PE": 15.1,
        "Book Price": 12
      }
    },
    {
      "quarter": "Q3 2016",
      "income status": {
        "Net sales": 54422,
        "Cost of goods sold": 46197,
        "Gross Profit": 8225,
        "Financial expenses": 558,
        "Of which: Interest expense": 558,
        "Cost of sales": 689,
        "Enterprise cost management": 4414,
        "Total Operating Expenses": 5661,
        "Total revenue financing activities": 12,
        "Net profit from business activities": 2576,
        "Profit": 257,
        "Profit before tax": 2833,
        "Present corporate income tax expenses": 662,
        "Deferred income taxes expenses": "N/A",
        "The interests of minority shareholders": "N/A",
        "Total Cost of profits": 662,
        "Profit after tax corporate income": 2171,
        "Volume": 4919665,
        "Close of Quarter": 28.8,
        "EPS": 1753,
        "Non-adjusted EPS": 1753,
        "PE": 16.4,
        "Book Price": 11.8
      }
    },
    {
      "quarter": "Q2 2016",
      "income status": {
        "Net sales": 59792,
        "Cost of goods sold": 50043,
        "Gross Profit": 9750,
        "Financial expenses": 599,
        "Of which: Interest expense": 599,
        "Cost of sales": 843,
        "Enterprise cost management": 4993,
        "Total Operating Expenses": 6435,
        "Total revenue financing activities": 30,
        "Net profit from business activities": 3345,
        "Profit": 439,
        "Profit before tax": 3784,
        "Present corporate income tax expenses": 708,
        "Deferred income taxes expenses": "N/A",
        "The interests of minority shareholders": "N/A",
        "Total Cost of profits": 708,
        "Profit after tax corporate income": 3075,
        "Volume": 4919665,
        "Close of Quarter": 15.5,
        "EPS": 1616,
        "Non-adjusted EPS": 1616,
        "PE": 9.6,
        "Book Price": 11.3
      }
    },
    {
      "quarter": "Q1 2016",
      "income status": {
        "Net sales": 36995,
        "Cost of goods sold": 30877,
        "Gross Profit": 6118,
        "Financial expenses": 442,
        "Of which: Interest expense": 442,
        "Cost of sales": 849,
        "Enterprise cost management": 2685,
        "Total Operating Expenses": 3976,
        "Total revenue financing activities": -14,
        "Net profit from business activities": 2127,
        "Profit": 298,
        "Profit before tax": 2425,
        "Present corporate income tax expenses": 534,
        "Deferred income taxes expenses": "N/A",
        "The interests of minority shareholders": "N/A",
        "Total Cost of profits": 534,
        "Profit after tax corporate income": 1892,
        "Volume": 4919665,
        "Close of Quarter": 16.2,
        "EPS": 1356,
        "Non-adjusted EPS": 1356,
        "PE": 11.9,
        "Book Price": 10.8
      }
    },
    {
      "quarter": "Q4 2015",
      "income status": {
        "Net sales": 52132,
        "Cost of goods sold": 43612,
        "Gross Profit": 8520,
        "Financial expenses": 603,
        "Of which: Interest expense": 603,
        "Cost of sales": 625,
        "Enterprise cost management": 3643,
        "Total Operating Expenses": 4871,
        "Total revenue financing activities": 6,
        "Net profit from business activities": 3655,
        "Profit": -1312,
        "Profit before tax": 2343,
        "Present corporate income tax expenses": 858,
        "Deferred income taxes expenses": "N/A",
        "The interests of minority shareholders": "N/A",
        "Total Cost of profits": 858,
        "Profit after tax corporate income": 1485,
        "Volume": 4919665,
        "Close of Quarter": 15.8,
        "EPS": 1103,
        "Non-adjusted EPS": 1103,
        "PE": 14.3,
        "Book Price": 10.4
      }
    },
    {
      "quarter": "Q3 2015",
      "income status": {
        "Net sales": 40982,
        "Cost of goods sold": 35386,
        "Gross Profit": 5596,
        "Financial expenses": 411,
        "Of which: Interest expense": 411,
        "Cost of sales": 453,
        "Enterprise cost management": 2813,
        "Total Operating Expenses": 3677,
        "Total revenue financing activities": 6,
        "Net profit from business activities": 1925,
        "Profit": -6,
        "Profit before tax": 1919,
        "Present corporate income tax expenses": 422,
        "Deferred income taxes expenses": "N/A",
        "The interests of minority shareholders": "N/A",
        "Total Cost of profits": 422,
        "Profit after tax corporate income": 1497,
        "Volume": 4919665,
        "Close of Quarter": 15.8,
        "EPS": 1005,
        "Non-adjusted EPS": 1005,
        "PE": 15.7,
        "Book Price": 10.8
      }
    },
    {
      "quarter": "Q2 2015",
      "income status": {
        "Net sales": 50035,
        "Cost of goods sold": 43051,
        "Gross Profit": 6984,
        "Financial expenses": 685,
        "Of which: Interest expense": 685,
        "Cost of sales": 684,
        "Enterprise cost management": 4038,
        "Total Operating Expenses": 5407,
        "Total revenue financing activities": 28,
        "Net profit from business activities": 1605,
        "Profit": 739,
        "Profit before tax": 2344,
        "Present corporate income tax expenses": 547,
        "Deferred income taxes expenses": "N/A",
        "The interests of minority shareholders": "N/A",
        "Total Cost of profits": 547,
        "Profit after tax corporate income": 1796,
        "Volume": 4919665,
        "Close of Quarter": 12.8,
        "EPS": 811,
        "Non-adjusted EPS": 811,
        "PE": 15.7,
        "Book Price": 10.5
      }
    },
    {
      "quarter": "Q1 2015",
      "income status": {
        "Net sales": 32890,
        "Cost of goods sold": 28745,
        "Gross Profit": 4146,
        "Financial expenses": 523,
        "Of which: Interest expense": 523,
        "Cost of sales": 837,
        "Enterprise cost management": 2008,
        "Total Operating Expenses": 3368,
        "Total revenue financing activities": 4,
        "Net profit from business activities": 781,
        "Profit": 47,
        "Profit before tax": 828,
        "Present corporate income tax expenses": 182,
        "Deferred income taxes expenses": "N/A",
        "The interests of minority shareholders": "N/A",
        "Total Cost of profits": 182,
        "Profit after tax corporate income": 646,
        "Volume": 4919665,
        "Close of Quarter": 6.9,
        "EPS": 813,
        "Non-adjusted EPS": 813,
        "PE": 8.5,
        "Book Price": 10.1
      }
    },
    {
      "quarter": "Q4 2014",
      "income status": {
        "Net sales": 51365,
        "Cost of goods sold": 47027,
        "Gross Profit": 4337,
        "Financial expenses": 719,
        "Of which: Interest expense": 719,
        "Cost of sales": 557,
        "Enterprise cost management": 2978,
        "Total Operating Expenses": 4254,
        "Total revenue financing activities": 87,
        "Net profit from business activities": 169,
        "Profit": 1121,
        "Profit before tax": 1290,
        "Present corporate income tax expenses": 284,
        "Deferred income taxes expenses": "N/A",
        "The interests of minority shareholders": "N/A",
        "Total Cost of profits": 284,
        "Profit after tax corporate income": 1006,
        "Volume": 4919665,
        "Close of Quarter": 9.8,
        "EPS": 1126,
        "Non-adjusted EPS": 1126,
        "PE": 8.7,
        "Book Price": 10.6
      }
    },
    {
      "quarter": "Q3 2014",
      "income status": {
        "Net sales": 51164,
        "Cost of goods sold": 45988,
        "Gross Profit": 5176,
        "Financial expenses": 864,
        "Of which: Interest expense": 864,
        "Cost of sales": 661,
        "Enterprise cost management": 3413,
        "Total Operating Expenses": 4938,
        "Total revenue financing activities": 5,
        "Net profit from business activities": 243,
        "Profit": 452,
        "Profit before tax": 695,
        "Present corporate income tax expenses": 153,
        "Deferred income taxes expenses": "N/A",
        "The interests of minority shareholders": "N/A",
        "Total Cost of profits": 153,
        "Profit after tax corporate income": 542,
        "Volume": 4919665,
        "Close of Quarter": 9.4,
        "EPS": 1402,
        "Non-adjusted EPS": 1402,
        "PE": 6.7,
        "Book Price": 10.4
      }
    },
    {
      "quarter": "Q2 2014",
      "income status": {
        "Net sales": 56958,
        "Cost of goods sold": 50544,
        "Gross Profit": 6414,
        "Financial expenses": 901,
        "Of which: Interest expense": 901,
        "Cost of sales": 498,
        "Enterprise cost management": 3341,
        "Total Operating Expenses": 4740,
        "Total revenue financing activities": 6,
        "Net profit from business activities": 1680,
        "Profit": 525,
        "Profit before tax": 2205,
        "Present corporate income tax expenses": 398,
        "Deferred income taxes expenses": "N/A",
        "The interests of minority shareholders": "N/A",
        "Total Cost of profits": 398,
        "Profit after tax corporate income": 1807,
        "Volume": 4919665,
        "Close of Quarter": 8.0,
        "EPS": 1731,
        "Non-adjusted EPS": 1731,
        "PE": 4.6,
        "Book Price": 10.3
      }
    },
    {
      "quarter": "Q1 2014",
      "income status": {
        "Net sales": 51055,
        "Cost of goods sold": 43746,
        "Gross Profit": 7309,
        "Financial expenses": 794,
        "Of which: Interest expense": 794,
        "Cost of sales": 971,
        "Enterprise cost management": 2800,
        "Total Operating Expenses": 4565,
        "Total revenue financing activities": 7,
        "Net profit from business activities": 2750,
        "Profit": 164,
        "Profit before tax": 2914,
        "Present corporate income tax expenses": 729,
        "Deferred income taxes expenses": "N/A",
        "The interests of minority shareholders": "N/A",
        "Total Cost of profits": 729,
        "Profit after tax corporate income": 2186,
        "Volume": 4919665,
        "Close of Quarter": 9.8,
        "EPS": 1754,
        "Non-adjusted EPS": 1754,
        "PE": 5.6,
        "Book Price": 9.8
      }
    },
    {
      "quarter": "Q4 2013",
      "income status": {
        "Net sales": 47420,
        "Cost of goods sold": 40425,
        "Gross Profit": 6995,
        "Financial expenses": 949,
        "Of which: Interest expense": 949,
        "Cost of sales": 1019,
        "Enterprise cost management": 2069,
        "Total Operating Expenses": 4037,
        "Total revenue financing activities": 8,
        "Net profit from business activities": 2966,
        "Profit": 180,
        "Profit before tax": 3146,
        "Present corporate income tax expenses": 787,
        "Deferred income taxes expenses": "N/A",
        "The interests of minority shareholders": "N/A",
        "Total Cost of profits": 787,
        "Profit after tax corporate income": 2360,
        "Volume": 4919665,
        "Close of Quarter": 7.9,
        "EPS": 1621,
        "Non-adjusted EPS": 1621,
        "PE": 4.9,
        "Book Price": 10.3
      }
    },
    {
      "quarter": "Q3 2013",
      "income status": {
        "Net sales": 44678,
        "Cost of goods sold": 38293,
        "Gross Profit": 6385,
        "Financial expenses": 889,
        "Of which: Interest expense": 889,
        "Cost of sales": 406,
        "Enterprise cost management": 2423,
        "Total Operating Expenses": 3718,
        "Total revenue financing activities": 6,
        "Net profit from business activities": 2673,
        "Profit": 211,
        "Profit before tax": 2884,
        "Present corporate income tax expenses": 721,
        "Deferred income taxes expenses": "N/A",
        "The interests of minority shareholders": "N/A",
        "Total Cost of profits": 721,
        "Profit after tax corporate income": 2163,
        "Volume": 4919665,
        "Close of Quarter": 3.5,
        "EPS": 1672,
        "Non-adjusted EPS": 1672,
        "PE": 2.1,
        "Book Price": 9.8
      }
    },
    {
      "quarter": "Q2 2013",
      "income status": {
        "Net sales": 55114,
        "Cost of goods sold": 46397,
        "Gross Profit": 8716,
        "Financial expenses": 937,
        "Of which: Interest expense": 937,
        "Cost of sales": 1499,
        "Enterprise cost management": 3864,
        "Total Operating Expenses": 6300,
        "Total revenue financing activities": 16,
        "Net profit from business activities": 2432,
        "Profit": 127,
        "Profit before tax": 2559,
        "Present corporate income tax expenses": 640,
        "Deferred income taxes expenses": "N/A",
        "The interests of minority shareholders": "N/A",
        "Total Cost of profits": 640,
        "Profit after tax corporate income": 1919,
        "Volume": 4919665,
        "Close of Quarter": 3.4,
        "EPS": 1501,
        "Non-adjusted EPS": 1501,
        "PE": 2.3,
        "Book Price": 9.3
      }
    },
    {
      "quarter": "Q1 2013",
      "income status": {
        "Net sales": 41140,
        "Cost of goods sold": 35599,
        "Gross Profit": 5541,
        "Financial expenses": 903,
        "Of which: Interest expense": 903,
        "Cost of sales": 428,
        "Enterprise cost management": 2371,
        "Total Operating Expenses": 3702,
        "Total revenue financing activities": 13,
        "Net profit from business activities": 1852,
        "Profit": 191,
        "Profit before tax": 2043,
        "Present corporate income tax expenses": 511,
        "Deferred income taxes expenses": "N/A",
        "The interests of minority shareholders": "N/A",
        "Total Cost of profits": 511,
        "Profit after tax corporate income": 1532,
        "Volume": 4919665,
        "Close of Quarter": 4.8,
        "EPS": 1487,
        "Non-adjusted EPS": 1487,
        "PE": 3.3,
        "Book Price": 8.9
      }
    },
    {
      "quarter": "Q4 2012",
      "income status": {
        "Net sales": 47813,
        "Cost of goods sold": 41487,
        "Gross Profit": 6326,
        "Financial expenses": 743,
        "Of which: Interest expense": 743,
        "Cost of sales": 890,
        "Enterprise cost management": 2223,
        "Total Operating Expenses": 3856,
        "Total revenue financing activities": 12,
        "Net profit from business activities": 2481,
        "Profit": 257,
        "Profit before tax": 2738,
        "Present corporate income tax expenses": 127,
        "Deferred income taxes expenses": "N/A",
        "The interests of minority shareholders": "N/A",
        "Total Cost of profits": 127,
        "Profit after tax corporate income": 2611,
        "Volume": 4919665,
        "Close of Quarter": 4.0,
        "EPS": 1253,
        "Non-adjusted EPS": 1253,
        "PE": 3.2,
        "Book Price": 8.7
      }
    },
    {
      "quarter": "Q3 2012",
      "income status": {
        "Net sales": 37967,
        "Cost of goods sold": 33331,
        "Gross Profit": 4636,
        "Financial expenses": 880,
        "Of which: Interest expense": 880,
        "Cost of sales": 465,
        "Enterprise cost management": 1802,
        "Total Operating Expenses": 3147,
        "Total revenue financing activities": 8,
        "Net profit from business activities": 1497,
        "Profit": 261,
        "Profit before tax": 1758,
        "Present corporate income tax expenses": 436,
        "Deferred income taxes expenses": "N/A",
        "The interests of minority shareholders": "N/A",
        "Total Cost of profits": 436,
        "Profit after tax corporate income": 1323,
        "Volume": 4919665,
        "Close of Quarter": 3.1,
        "EPS": 874,
        "Non-adjusted EPS": 874,
        "PE": 3.6,
        "Book Price": 8.9
      }
    },
    {
      "quarter": "Q2 2012",
      "income status": {
        "Net sales": 43875,
        "Cost of goods sold": 37116,
        "Gross Profit": 6760,
        "Financial expenses": 1284,
        "Of which: Interest expense": 1284,
        "Cost of sales": 1114,
        "Enterprise cost management": 2111,
        "Total Operating Expenses": 4509,
        "Total revenue financing activities": 12,
        "Net profit from business activities": 2263,
        "Profit": 202,
        "Profit before tax": 2465,
        "Present corporate income tax expenses": 616,
        "Deferred income taxes expenses": "N/A",
        "The interests of minority shareholders": "N/A",
        "Total Cost of profits": 616,
        "Profit after tax corporate income": 1848,
        "Volume": 4919665,
        "Close of Quarter": 3.2,
        "EPS": 792,
        "Non-adjusted EPS": 792,
        "PE": 4.0,
        "Book Price": 8.6
      }
    },
    {
      "quarter": "Q1 2012",
      "income status": {
        "Net sales": 30100,
        "Cost of goods sold": 26630,
        "Gross Profit": 3470,
        "Financial expenses": 1249,
        "Of which: Interest expense": 1249,
        "Cost of sales": 396,
        "Enterprise cost management": 1601,
        "Total Operating Expenses": 3246,
        "Total revenue financing activities": 18,
        "Net profit from business activities": 242,
        "Profit": 267,
        "Profit before tax": 509,
        "Present corporate income tax expenses": 127,
        "Deferred income taxes expenses": "N/A",
        "The interests of minority shareholders": "N/A",
        "Total Cost of profits": 127,
        "Profit after tax corporate income": 381,
        "Volume": 4919665,
        "Close of Quarter": 9.8,
        "EPS": 770,
        "Non-adjusted EPS": 770,
        "PE": 12.7,
        "Book Price": 8.2
      }
    },
    {
      "quarter": "Q4 2011",
      "income status": {
        "Net sales": 51930,
        "Cost of goods sold": 46281,
        "Gross Profit": 5649,
        "Financial expenses": 1529,
        "Of which: Interest expense": 1529,
        "Cost of sales": 971,
        "Enterprise cost management": 2463,
        "Total Operating Expenses": 4963,
        "Total revenue financing activities": 11,
        "Net profit from business activities": 697,
        "Profit": 405,
        "Profit before tax": 1102,
        "Present corporate income tax expenses": 356,
        "Deferred income taxes expenses": "N/A",
        "The interests of minority shareholders": "N/A",
        "Total Cost of profits": 356,
        "Profit after tax corporate income": 746,
        "Volume": 4919665,
        "Close of Quarter": 9.7,
        "EPS": 993,
        "Non-adjusted EPS": 993,
        "PE": 9.7,
        "Book Price": 8.2
      }
    },
    {
      "quarter": "Q3 2011",
      "income status": {
        "Net sales": 52742,
        "Cost of goods sold": 47976,
        "Gross Profit": 4766,
        "Financial expenses": 1269,
        "Of which: Interest expense": 1269,
        "Cost of sales": 537,
        "Enterprise cost management": 2286,
        "Total Operating Expenses": 4092,
        "Total revenue financing activities": 23,
        "Net profit from business activities": 698,
        "Profit": 532,
        "Profit before tax": 1229,
        "Present corporate income tax expenses": 307,
        "Deferred income taxes expenses": "N/A",
        "The interests of minority shareholders": "N/A",
        "Total Cost of profits": 307,
        "Profit after tax corporate income": 922,
        "Volume": 4919665,
        "Close of Quarter": 8.7,
        "EPS": 1113,
        "Non-adjusted EPS": 1113,
        "PE": 7.8,
        "Book Price": 8.8
      }
    },
    {
      "quarter": "Q2 2011",
      "income status": {
        "Net sales": 70169,
        "Cost of goods sold": 62623,
        "Gross Profit": 7545,
        "Financial expenses": 1290,
        "Of which: Interest expense": 1263,
        "Cost of sales": 1140,
        "Enterprise cost management": 3300,
        "Total Operating Expenses": 5730,
        "Total revenue financing activities": 27,
        "Net profit from business activities": 1842,
        "Profit": 479,
        "Profit before tax": 2322,
        "Present corporate income tax expenses": 580,
        "Deferred income taxes expenses": "N/A",
        "The interests of minority shareholders": "N/A",
        "Total Cost of profits": 580,
        "Profit after tax corporate income": 1741,
        "Volume": 4919665,
        "Close of Quarter": 7.3,
        "EPS": 1217,
        "Non-adjusted EPS": 1217,
        "PE": 6.0,
        "Book Price": 8.6
      }
    },
    {
      "quarter": "Q1 2011",
      "income status": {
        "Net sales": 42312,
        "Cost of goods sold": 37566,
        "Gross Profit": 4747,
        "Financial expenses": 913,
        "Of which: Interest expense": 842,
        "Cost of sales": 524,
        "Enterprise cost management": 1606,
        "Total Operating Expenses": 3043,
        "Total revenue financing activities": 20,
        "Net profit from business activities": 1724,
        "Profit": 246,
        "Profit before tax": 1970,
        "Present corporate income tax expenses": 493,
        "Deferred income taxes expenses": "N/A",
        "The interests of minority shareholders": "N/A",
        "Total Cost of profits": 493,
        "Profit after tax corporate income": 1478,
        "Volume": 4919665,
        "Close of Quarter": 7.9,
        "EPS": 1152,
        "Non-adjusted EPS": 1152,
        "PE": 6.8,
        "Book Price": 8.3
      }
    },
    {
      "quarter": "Q4 2010",
      "income status": {
        "Net sales": 45587,
        "Cost of goods sold": 40065,
        "Gross Profit": 5523,
        "Financial expenses": 793,
        "Of which: Interest expense": 793,
        "Cost of sales": 665,
        "Enterprise cost management": 2493,
        "Total Operating Expenses": 3951,
        "Total revenue financing activities": 21,
        "Net profit from business activities": 1593,
        "Profit": 261,
        "Profit before tax": 1854,
        "Present corporate income tax expenses": 518,
        "Deferred income taxes expenses": "N/A",
        "The interests of minority shareholders": "N/A",
        "Total Cost of profits": 518,
        "Profit after tax corporate income": 1336,
        "Volume": 4919665,
        "Close of Quarter": 7.6,
        "EPS": 998,
        "Non-adjusted EPS": 998,
        "PE": 7.6,
        "Book Price": 8
      }
    },
    {
      "quarter": "Q3 2010",
      "income status": {
        "Net sales": 38391,
        "Cost of goods sold": 34041,
        "Gross Profit": 4351,
        "Financial expenses": 395,
        "Of which: Interest expense": 395,
        "Cost of sales": 845,
        "Enterprise cost management": 1523,
        "Total Operating Expenses": 2763,
        "Total revenue financing activities": 18,
        "Net profit from business activities": 1606,
        "Profit": 302,
        "Profit before tax": 1908,
        "Present corporate income tax expenses": 477,
        "Deferred income taxes expenses": "N/A",
        "The interests of minority shareholders": "N/A",
        "Total Cost of profits": 477,
        "Profit after tax corporate income": 1431,
        "Volume": 3012040,
        "Close of Quarter": 13.3,
        "EPS": 876.7,
        "Non-adjusted EPS": 1432,
        "PE": 9.3,
        "Book Price": 8.1
      }
    },
    {
      "quarter": "Q2 2010",
      "income status": {
        "Net sales": 47410,
        "Cost of goods sold": 42144,
        "Gross Profit": 5266,
        "Financial expenses": 524,
        "Of which: Interest expense": 524,
        "Cost of sales": 910,
        "Enterprise cost management": 2084,
        "Total Operating Expenses": 3518,
        "Total revenue financing activities": -43,
        "Net profit from business activities": 1705,
        "Profit": 189,
        "Profit before tax": 1893,
        "Present corporate income tax expenses": 473,
        "Deferred income taxes expenses": "N/A",
        "The interests of minority shareholders": "N/A",
        "Total Cost of profits": 473,
        "Profit after tax corporate income": 1420,
        "Volume": 3012040,
        "Close of Quarter": 17.3,
        "EPS": 1028.6,
        "Non-adjusted EPS": 1680,
        "PE": 10.3,
        "Book Price": 8.2
      }
    },
    {
      "quarter": "Q1 2010",
      "income status": {
        "Net sales": 28560,
        "Cost of goods sold": 25325,
        "Gross Profit": 3235,
        "Financial expenses": 395,
        "Of which: Interest expense": 395,
        "Cost of sales": 345,
        "Enterprise cost management": 1899,
        "Total Operating Expenses": 2639,
        "Total revenue financing activities": 20,
        "Net profit from business activities": 616,
        "Profit": 346,
        "Profit before tax": 962,
        "Present corporate income tax expenses": 241,
        "Deferred income taxes expenses": "N/A",
        "The interests of minority shareholders": "N/A",
        "Total Cost of profits": 241,
        "Profit after tax corporate income": 722,
        "Volume": 3000000,
        "Close of Quarter": 10.6,
        "EPS": 1536.7,
        "Non-adjusted EPS": 2520,
        "PE": 4.2,
        "Book Price": 7.9
      }
    },
    {
      "quarter": "Q4 2009",
      "income status": {
        "Net sales": 38153,
        "Cost of goods sold": 34479,
        "Gross Profit": 3674,
        "Financial expenses": 261,
        "Of which: Interest expense": "N/A",
        "Cost of sales": 565,
        "Enterprise cost management": 2134,
        "Total Operating Expenses": 2960,
        "Total revenue financing activities": 17,
        "Net profit from business activities": 731,
        "Profit": 16,
        "Profit before tax": 747,
        "Present corporate income tax expenses": 8,
        "Deferred income taxes expenses": "N/A",
        "The interests of minority shareholders": "N/A",
        "Total Cost of profits": 8,
        "Profit after tax corporate income": 739,
        "Volume": 3000000,
        "Close of Quarter": 9.2,
        "EPS": 1787.3,
        "Non-adjusted EPS": 2931,
        "PE": 3.2,
        "Book Price": 8.0
      }
    },
    {
      "quarter": "Q3 2009",
      "income status": {
        "Net sales": 28634,
        "Cost of goods sold": 25020,
        "Gross Profit": 3614,
        "Financial expenses": 100,
        "Of which: Interest expense": 100,
        "Cost of sales": 180,
        "Enterprise cost management": 1154,
        "Total Operating Expenses": 1434,
        "Total revenue financing activities": 19,
        "Net profit from business activities": 2198,
        "Profit": 184,
        "Profit before tax": 2381,
        "Present corporate income tax expenses": 203,
        "Deferred income taxes expenses": "N/A",
        "The interests of minority shareholders": "N/A",
        "Total Cost of profits": 203,
        "Profit after tax corporate income": 2179,
        "Volume": 3000000,
        "Close of Quarter": "N/A",
        "EPS": 1637.3,
        "Non-adjusted EPS": 2685,
        "PE": "N/A",
        "Book Price": "N/A"
      }
    },
    {
      "quarter": "Q2 2009",
      "income status": {
        "Net sales": 41950,
        "Cost of goods sold": 35094,
        "Gross Profit": 6855,
        "Financial expenses": 29,
        "Of which: Interest expense": 29,
        "Cost of sales": 976,
        "Enterprise cost management": 1738,
        "Total Operating Expenses": 2743,
        "Total revenue financing activities": 23,
        "Net profit from business activities": 4134,
        "Profit": 161,
        "Profit before tax": 4296,
        "Present corporate income tax expenses": 376,
        "Deferred income taxes expenses": "N/A",
        "The interests of minority shareholders": "N/A",
        "Total Cost of profits": 376,
        "Profit after tax corporate income": 3920,
        "Volume": 3000000,
        "Close of Quarter": "N/A",
        "EPS": 1194.0,
        "Non-adjusted EPS": 1958,
        "PE": "N/A",
        "Book Price": "N/A"
      }
    },
    {
      "quarter": "Q1 2009",
      "income status": {
        "Net sales": 19020,
        "Cost of goods sold": 15295,
        "Gross Profit": 3725,
        "Financial expenses": "N/A",
        "Of which: Interest expense": "N/A",
        "Cost of sales": 478,
        "Enterprise cost management": 1058,
        "Total Operating Expenses": 1536,
        "Total revenue financing activities": 53,
        "Net profit from business activities": 2242,
        "Profit": -8,
        "Profit before tax": 2234,
        "Present corporate income tax expenses": 279,
        "Deferred income taxes expenses": "N/A",
        "The interests of minority shareholders": "N/A",
        "Total Cost of profits": 279,
        "Profit after tax corporate income": 1955,
        "Volume": 3000000,
        "Close of Quarter": "N/A",
        "EPS": 397.6,
        "Non-adjusted EPS": 652,
        "PE": "N/A",
        "Book Price": "N/A"
      }
    }
  ]
}