{
  "ticker": "MCP",
  "data": [
    {
      "quarter": "Q1 2017",
      "income status": {
        "Net sales": 81069,
        "Cost of goods sold": 64380,
        "Gross Profit": 16688,
        "Financial expenses": 1029,
        "Of which: Interest expense": 980,
        "Cost of sales": 2236,
        "Enterprise cost management": 4012,
        "Total Operating Expenses": 7277,
        "Total revenue financing activities": 43,
        "Net profit from business activities": 9454,
        "Profit": 747,
        "Profit before tax": 10201,
        "Present corporate income tax expenses": 2040,
        "Deferred income taxes expenses": "N/A",
        "The interests of minority shareholders": "N/A",
        "Total Cost of profits": 2040,
        "Profit after tax corporate income": 8161,
        "Volume": 15052979,
        "Close of Quarter": 28.5,
        "EPS": 1668,
        "Non-adjusted EPS": 1668,
        "PE": 17.1,
        "Book Price": 14.3
      }
    },
    {
      "quarter": "Q4 2016",
      "income status": {
        "Net sales": 118618,
        "Cost of goods sold": 87828,
        "Gross Profit": 30790,
        "Financial expenses": 794,
        "Of which: Interest expense": 1398,
        "Cost of sales": 5821,
        "Enterprise cost management": 6212,
        "Total Operating Expenses": 12827,
        "Total revenue financing activities": 71,
        "Net profit from business activities": 18033,
        "Profit": 102,
        "Profit before tax": 18135,
        "Present corporate income tax expenses": 3627,
        "Deferred income taxes expenses": "N/A",
        "The interests of minority shareholders": "N/A",
        "Total Cost of profits": 3627,
        "Profit after tax corporate income": 14508,
        "Volume": 15052979,
        "Close of Quarter": 20.7,
        "EPS": 1497,
        "Non-adjusted EPS": 1497,
        "PE": 13.8,
        "Book Price": 13.8
      }
    },
    {
      "quarter": "Q3 2016",
      "income status": {
        "Net sales": 90810,
        "Cost of goods sold": 77068,
        "Gross Profit": 13742,
        "Financial expenses": 1164,
        "Of which: Interest expense": 1164,
        "Cost of sales": 2506,
        "Enterprise cost management": 4459,
        "Total Operating Expenses": 8129,
        "Total revenue financing activities": 35,
        "Net profit from business activities": 5648,
        "Profit": 195,
        "Profit before tax": 5843,
        "Present corporate income tax expenses": 1169,
        "Deferred income taxes expenses": "N/A",
        "The interests of minority shareholders": "N/A",
        "Total Cost of profits": 1169,
        "Profit after tax corporate income": 4674,
        "Volume": 15052979,
        "Close of Quarter": 15.3,
        "EPS": 1394,
        "Non-adjusted EPS": 1394,
        "PE": 11.0,
        "Book Price": 12.9
      }
    },
    {
      "quarter": "Q2 2016",
      "income status": {
        "Net sales": 97805,
        "Cost of goods sold": 75435,
        "Gross Profit": 22371,
        "Financial expenses": 1420,
        "Of which: Interest expense": 1411,
        "Cost of sales": 4390,
        "Enterprise cost management": 5578,
        "Total Operating Expenses": 11388,
        "Total revenue financing activities": 123,
        "Net profit from business activities": 11106,
        "Profit": -13968,
        "Profit before tax": -2861,
        "Present corporate income tax expenses": -572,
        "Deferred income taxes expenses": -50,
        "The interests of minority shareholders": "N/A",
        "Total Cost of profits": -622,
        "Profit after tax corporate income": -2239,
        "Volume": 15052979,
        "Close of Quarter": 13.3,
        "EPS": 844,
        "Non-adjusted EPS": 844,
        "PE": 15.7,
        "Book Price": 13.1
      }
    },
    {
      "quarter": "Q1 2016",
      "income status": {
        "Net sales": 81053,
        "Cost of goods sold": 66949,
        "Gross Profit": 14104,
        "Financial expenses": 1421,
        "Of which: Interest expense": 1418,
        "Cost of sales": 2251,
        "Enterprise cost management": 3507,
        "Total Operating Expenses": 7179,
        "Total revenue financing activities": 39,
        "Net profit from business activities": 6964,
        "Profit": 27,
        "Profit before tax": 6991,
        "Present corporate income tax expenses": 1398,
        "Deferred income taxes expenses": "N/A",
        "The interests of minority shareholders": "N/A",
        "Total Cost of profits": 1398,
        "Profit after tax corporate income": 5592,
        "Volume": 15052979,
        "Close of Quarter": 11.0,
        "EPS": 1444,
        "Non-adjusted EPS": 1444,
        "PE": 7.6,
        "Book Price": 13.9
      }
    },
    {
      "quarter": "Q4 2015",
      "income status": {
        "Net sales": 118628,
        "Cost of goods sold": 91485,
        "Gross Profit": 27143,
        "Financial expenses": 2438,
        "Of which: Interest expense": 2286,
        "Cost of sales": 5214,
        "Enterprise cost management": 4125,
        "Total Operating Expenses": 11777,
        "Total revenue financing activities": 65,
        "Net profit from business activities": 15431,
        "Profit": 169,
        "Profit before tax": 15600,
        "Present corporate income tax expenses": 2642,
        "Deferred income taxes expenses": "N/A",
        "The interests of minority shareholders": "N/A",
        "Total Cost of profits": 2642,
        "Profit after tax corporate income": 12958,
        "Volume": 10527952,
        "Close of Quarter": 9.3,
        "EPS": 1170.1,
        "Non-adjusted EPS": 1673,
        "PE": 5.6,
        "Book Price": 13.5
      }
    },
    {
      "quarter": "Q3 2015",
      "income status": {
        "Net sales": 87311,
        "Cost of goods sold": 82791,
        "Gross Profit": 4520,
        "Financial expenses": 2088,
        "Of which: Interest expense": 1809,
        "Cost of sales": 2655,
        "Enterprise cost management": 3553,
        "Total Operating Expenses": 8296,
        "Total revenue financing activities": 107,
        "Net profit from business activities": -3670,
        "Profit": 65,
        "Profit before tax": -3604,
        "Present corporate income tax expenses": "N/A",
        "Deferred income taxes expenses": "N/A",
        "The interests of minority shareholders": "N/A",
        "Total Cost of profits": 0,
        "Profit after tax corporate income": -3604,
        "Volume": 10527952,
        "Close of Quarter": 12.4,
        "EPS": 421.7,
        "Non-adjusted EPS": 603,
        "PE": 20.6,
        "Book Price": 10.6
      }
    },
    {
      "quarter": "Q2 2015",
      "income status": {
        "Net sales": 90476,
        "Cost of goods sold": 75418,
        "Gross Profit": 15058,
        "Financial expenses": 3001,
        "Of which: Interest expense": 2800,
        "Cost of sales": 4060,
        "Enterprise cost management": 3580,
        "Total Operating Expenses": 10641,
        "Total revenue financing activities": 52,
        "Net profit from business activities": 4468,
        "Profit": 4178,
        "Profit before tax": 8646,
        "Present corporate income tax expenses": 1902,
        "Deferred income taxes expenses": -39,
        "The interests of minority shareholders": "N/A",
        "Total Cost of profits": 1863,
        "Profit after tax corporate income": 6783,
        "Volume": 10527952,
        "Close of Quarter": 11.1,
        "EPS": 820.4,
        "Non-adjusted EPS": 1173,
        "PE": 9.5,
        "Book Price": 10.9
      }
    },
    {
      "quarter": "Q1 2015",
      "income status": {
        "Net sales": 84806,
        "Cost of goods sold": 75284,
        "Gross Profit": 9521,
        "Financial expenses": 2637,
        "Of which: Interest expense": 2584,
        "Cost of sales": 1905,
        "Enterprise cost management": 3090,
        "Total Operating Expenses": 7632,
        "Total revenue financing activities": 8,
        "Net profit from business activities": 1898,
        "Profit": "N/A",
        "Profit before tax": 1898,
        "Present corporate income tax expenses": 418,
        "Deferred income taxes expenses": "N/A",
        "The interests of minority shareholders": "N/A",
        "Total Cost of profits": 418,
        "Profit after tax corporate income": 1480,
        "Volume": 10527952,
        "Close of Quarter": 12.7,
        "EPS": 676.3,
        "Non-adjusted EPS": 967,
        "PE": 13.1,
        "Book Price": 10.6
      }
    },
    {
      "quarter": "Q4 2014",
      "income status": {
        "Net sales": 115116,
        "Cost of goods sold": 99860,
        "Gross Profit": 15256,
        "Financial expenses": 5062,
        "Of which: Interest expense": 2873,
        "Cost of sales": 5172,
        "Enterprise cost management": 3823,
        "Total Operating Expenses": 14057,
        "Total revenue financing activities": 22,
        "Net profit from business activities": 1222,
        "Profit": 938,
        "Profit before tax": 2160,
        "Present corporate income tax expenses": 475,
        "Deferred income taxes expenses": "N/A",
        "The interests of minority shareholders": "N/A",
        "Total Cost of profits": 475,
        "Profit after tax corporate income": 1685,
        "Volume": 10527952,
        "Close of Quarter": 11.9,
        "EPS": 812.7,
        "Non-adjusted EPS": 1162,
        "PE": 10.2,
        "Book Price": 10.4
      }
    },
    {
      "quarter": "Q3 2014",
      "income status": {
        "Net sales": 86440,
        "Cost of goods sold": 75570,
        "Gross Profit": 10869,
        "Financial expenses": 1797,
        "Of which: Interest expense": 1784,
        "Cost of sales": 3109,
        "Enterprise cost management": 3243,
        "Total Operating Expenses": 8149,
        "Total revenue financing activities": 351,
        "Net profit from business activities": 3071,
        "Profit": 2,
        "Profit before tax": 3073,
        "Present corporate income tax expenses": 676,
        "Deferred income taxes expenses": "N/A",
        "The interests of minority shareholders": "N/A",
        "Total Cost of profits": 676,
        "Profit after tax corporate income": 2397,
        "Volume": 10321162,
        "Close of Quarter": 12.7,
        "EPS": 863.2,
        "Non-adjusted EPS": 1259,
        "PE": 10.1,
        "Book Price": 10.9
      }
    },
    {
      "quarter": "Q2 2014",
      "income status": {
        "Net sales": 95447,
        "Cost of goods sold": 81414,
        "Gross Profit": 14032,
        "Financial expenses": 2547,
        "Of which: Interest expense": 2272,
        "Cost of sales": 3222,
        "Enterprise cost management": 2763,
        "Total Operating Expenses": 8532,
        "Total revenue financing activities": 62,
        "Net profit from business activities": 5563,
        "Profit": 295,
        "Profit before tax": 5858,
        "Present corporate income tax expenses": 1289,
        "Deferred income taxes expenses": -45,
        "The interests of minority shareholders": "N/A",
        "Total Cost of profits": 1244,
        "Profit after tax corporate income": 4614,
        "Volume": 10321162,
        "Close of Quarter": 13.8,
        "EPS": 1169.7,
        "Non-adjusted EPS": 1706,
        "PE": 8.1,
        "Book Price": 10.6
      }
    },
    {
      "quarter": "Q1 2014",
      "income status": {
        "Net sales": 73405,
        "Cost of goods sold": 62364,
        "Gross Profit": 11042,
        "Financial expenses": 1597,
        "Of which: Interest expense": 1569,
        "Cost of sales": 2124,
        "Enterprise cost management": 2795,
        "Total Operating Expenses": 6516,
        "Total revenue financing activities": 9,
        "Net profit from business activities": 4535,
        "Profit": "N/A",
        "Profit before tax": 4535,
        "Present corporate income tax expenses": 998,
        "Deferred income taxes expenses": "N/A",
        "The interests of minority shareholders": "N/A",
        "Total Cost of profits": 998,
        "Profit after tax corporate income": 3537,
        "Volume": 10321162,
        "Close of Quarter": 14.4,
        "EPS": 1213.6,
        "Non-adjusted EPS": 1770,
        "PE": 8.1,
        "Book Price": 11.1
      }
    },
    {
      "quarter": "Q4 2013",
      "income status": {
        "Net sales": 103148,
        "Cost of goods sold": 89066,
        "Gross Profit": 14082,
        "Financial expenses": 1577,
        "Of which: Interest expense": 2023,
        "Cost of sales": 4701,
        "Enterprise cost management": 3028,
        "Total Operating Expenses": 9306,
        "Total revenue financing activities": 108,
        "Net profit from business activities": 4884,
        "Profit": -1181,
        "Profit before tax": 3703,
        "Present corporate income tax expenses": 1255,
        "Deferred income taxes expenses": "N/A",
        "The interests of minority shareholders": "N/A",
        "Total Cost of profits": 1255,
        "Profit after tax corporate income": 2447,
        "Volume": 10321162,
        "Close of Quarter": 11.8,
        "EPS": 1559.2,
        "Non-adjusted EPS": 2274,
        "PE": 5.2,
        "Book Price": 10.9
      }
    },
    {
      "quarter": "Q3 2013",
      "income status": {
        "Net sales": 98335,
        "Cost of goods sold": 81415,
        "Gross Profit": 16920,
        "Financial expenses": 1591,
        "Of which: Interest expense": 1540,
        "Cost of sales": 3648,
        "Enterprise cost management": 2609,
        "Total Operating Expenses": 7848,
        "Total revenue financing activities": 61,
        "Net profit from business activities": 9132,
        "Profit": 209,
        "Profit before tax": 9341,
        "Present corporate income tax expenses": 2335,
        "Deferred income taxes expenses": "N/A",
        "The interests of minority shareholders": "N/A",
        "Total Cost of profits": 2335,
        "Profit after tax corporate income": 7006,
        "Volume": 10321162,
        "Close of Quarter": 10.0,
        "EPS": 1793.7,
        "Non-adjusted EPS": 2616,
        "PE": 3.8,
        "Book Price": 11.2
      }
    },
    {
      "quarter": "Q2 2013",
      "income status": {
        "Net sales": 89663,
        "Cost of goods sold": 75783,
        "Gross Profit": 13881,
        "Financial expenses": 1954,
        "Of which: Interest expense": 1764,
        "Cost of sales": 2851,
        "Enterprise cost management": 2381,
        "Total Operating Expenses": 7186,
        "Total revenue financing activities": 454,
        "Net profit from business activities": 7148,
        "Profit": 1,
        "Profit before tax": 7149,
        "Present corporate income tax expenses": 1787,
        "Deferred income taxes expenses": 87,
        "The interests of minority shareholders": "N/A",
        "Total Cost of profits": 1874,
        "Profit after tax corporate income": 5275,
        "Volume": 10321162,
        "Close of Quarter": 9.5,
        "EPS": 1498.2,
        "Non-adjusted EPS": 2185,
        "PE": 4.3,
        "Book Price": 10.8
      }
    },
    {
      "quarter": "Q1 2013",
      "income status": {
        "Net sales": 86957,
        "Cost of goods sold": 69967,
        "Gross Profit": 16990,
        "Financial expenses": 1298,
        "Of which: Interest expense": 1129,
        "Cost of sales": 2149,
        "Enterprise cost management": 2097,
        "Total Operating Expenses": 5544,
        "Total revenue financing activities": 9,
        "Net profit from business activities": 11454,
        "Profit": 200,
        "Profit before tax": 11654,
        "Present corporate income tax expenses": 2913,
        "Deferred income taxes expenses": "N/A",
        "The interests of minority shareholders": "N/A",
        "Total Cost of profits": 2913,
        "Profit after tax corporate income": 8740,
        "Volume": 10321162,
        "Close of Quarter": 10.1,
        "EPS": 1559.2,
        "Non-adjusted EPS": 2274,
        "PE": 4.5,
        "Book Price": 11.2
      }
    },
    {
      "quarter": "Q4 2012",
      "income status": {
        "Net sales": 96052,
        "Cost of goods sold": 81930,
        "Gross Profit": 14122,
        "Financial expenses": 1293,
        "Of which: Interest expense": 1113,
        "Cost of sales": 3719,
        "Enterprise cost management": 2100,
        "Total Operating Expenses": 7112,
        "Total revenue financing activities": 176,
        "Net profit from business activities": 7186,
        "Profit": 793,
        "Profit before tax": 7979,
        "Present corporate income tax expenses": 1995,
        "Deferred income taxes expenses": "N/A",
        "The interests of minority shareholders": "N/A",
        "Total Cost of profits": 1995,
        "Profit after tax corporate income": 5984,
        "Volume": 10321162,
        "Close of Quarter": 8.2,
        "EPS": 1379.5,
        "Non-adjusted EPS": 2012,
        "PE": 4.1,
        "Book Price": 10.6
      }
    },
    {
      "quarter": "Q3 2012",
      "income status": {
        "Net sales": 64585,
        "Cost of goods sold": 56328,
        "Gross Profit": 8257,
        "Financial expenses": 1728,
        "Of which: Interest expense": 1639,
        "Cost of sales": 1750,
        "Enterprise cost management": 1726,
        "Total Operating Expenses": 5204,
        "Total revenue financing activities": 48,
        "Net profit from business activities": 3101,
        "Profit": 300,
        "Profit before tax": 3401,
        "Present corporate income tax expenses": 850,
        "Deferred income taxes expenses": "N/A",
        "The interests of minority shareholders": "N/A",
        "Total Cost of profits": 850,
        "Profit after tax corporate income": 2551,
        "Volume": 10321162,
        "Close of Quarter": 8.3,
        "EPS": 1857.4,
        "Non-adjusted EPS": 2709,
        "PE": 3.1,
        "Book Price": 10.7
      }
    },
    {
      "quarter": "Q2 2012",
      "income status": {
        "Net sales": 92093,
        "Cost of goods sold": 77903,
        "Gross Profit": 14190,
        "Financial expenses": 1851,
        "Of which: Interest expense": 1832,
        "Cost of sales": 2270,
        "Enterprise cost management": 2346,
        "Total Operating Expenses": 6467,
        "Total revenue financing activities": 531,
        "Net profit from business activities": 8254,
        "Profit": 2,
        "Profit before tax": 8256,
        "Present corporate income tax expenses": 2060,
        "Deferred income taxes expenses": "N/A",
        "The interests of minority shareholders": "N/A",
        "Total Cost of profits": 2060,
        "Profit after tax corporate income": 6197,
        "Volume": 10321162,
        "Close of Quarter": 8.9,
        "EPS": 2129.0,
        "Non-adjusted EPS": 3105,
        "PE": 2.9,
        "Book Price": 10.6
      }
    },
    {
      "quarter": "Q1 2012",
      "income status": {
        "Net sales": 80064,
        "Cost of goods sold": 66646,
        "Gross Profit": 13417,
        "Financial expenses": 1706,
        "Of which: Interest expense": 1699,
        "Cost of sales": 1685,
        "Enterprise cost management": 2421,
        "Total Operating Expenses": 5812,
        "Total revenue financing activities": 439,
        "Net profit from business activities": 8043,
        "Profit": 4,
        "Profit before tax": 8047,
        "Present corporate income tax expenses": 2016,
        "Deferred income taxes expenses": "N/A",
        "The interests of minority shareholders": "N/A",
        "Total Cost of profits": 2016,
        "Profit after tax corporate income": 6031,
        "Volume": 10321162,
        "Close of Quarter": 7.9,
        "EPS": 2180.4,
        "Non-adjusted EPS": 3180,
        "PE": 2.5,
        "Book Price": 10.2
      }
    },
    {
      "quarter": "Q4 2011",
      "income status": {
        "Net sales": 119771,
        "Cost of goods sold": 89036,
        "Gross Profit": 30736,
        "Financial expenses": 3627,
        "Of which: Interest expense": 1701,
        "Cost of sales": 4780,
        "Enterprise cost management": 3269,
        "Total Operating Expenses": 11676,
        "Total revenue financing activities": 584,
        "Net profit from business activities": 19644,
        "Profit": -2075,
        "Profit before tax": 17569,
        "Present corporate income tax expenses": 4392,
        "Deferred income taxes expenses": "N/A",
        "The interests of minority shareholders": "N/A",
        "Total Cost of profits": 4392,
        "Profit after tax corporate income": 13177,
        "Volume": 9831162,
        "Close of Quarter": 7.5,
        "EPS": 2289.1,
        "Non-adjusted EPS": 3505,
        "PE": 2.1,
        "Book Price": 11.6
      }
    },
    {
      "quarter": "Q3 2011",
      "income status": {
        "Net sales": 96503,
        "Cost of goods sold": 81455,
        "Gross Profit": 15048,
        "Financial expenses": 1530,
        "Of which: Interest expense": 1226,
        "Cost of sales": 2220,
        "Enterprise cost management": 2677,
        "Total Operating Expenses": 6427,
        "Total revenue financing activities": 88,
        "Net profit from business activities": 8708,
        "Profit": 147,
        "Profit before tax": 8855,
        "Present corporate income tax expenses": 2209,
        "Deferred income taxes expenses": "N/A",
        "The interests of minority shareholders": "N/A",
        "Total Cost of profits": 2209,
        "Profit after tax corporate income": 6647,
        "Volume": 9831162,
        "Close of Quarter": 6.3,
        "EPS": 2033.8,
        "Non-adjusted EPS": 3114,
        "PE": 2.0,
        "Book Price": 10.4
      }
    },
    {
      "quarter": "Q2 2011",
      "income status": {
        "Net sales": 84840,
        "Cost of goods sold": 66918,
        "Gross Profit": 17921,
        "Financial expenses": 4047,
        "Of which: Interest expense": 871,
        "Cost of sales": 2307,
        "Enterprise cost management": 2675,
        "Total Operating Expenses": 9029,
        "Total revenue financing activities": 335,
        "Net profit from business activities": 9227,
        "Profit": 66,
        "Profit before tax": 9293,
        "Present corporate income tax expenses": 2323,
        "Deferred income taxes expenses": "N/A",
        "The interests of minority shareholders": "N/A",
        "Total Cost of profits": 2323,
        "Profit after tax corporate income": 6970,
        "Volume": 8179284,
        "Close of Quarter": 5.4,
        "EPS": 1741.5,
        "Non-adjusted EPS": 3205,
        "PE": 1.7,
        "Book Price": 9.9
      }
    },
    {
      "quarter": "Q1 2011",
      "income status": {
        "Net sales": 73153,
        "Cost of goods sold": 56968,
        "Gross Profit": 16185,
        "Financial expenses": 1889,
        "Of which: Interest expense": 825,
        "Cost of sales": 1261,
        "Enterprise cost management": 3010,
        "Total Operating Expenses": 6160,
        "Total revenue financing activities": 138,
        "Net profit from business activities": 10163,
        "Profit": 62,
        "Profit before tax": 10225,
        "Present corporate income tax expenses": 2556,
        "Deferred income taxes expenses": "N/A",
        "The interests of minority shareholders": "N/A",
        "Total Cost of profits": 2556,
        "Profit after tax corporate income": 7669,
        "Volume": 8179284,
        "Close of Quarter": 5.1,
        "EPS": 1615.4,
        "Non-adjusted EPS": 2973,
        "PE": 1.7,
        "Book Price": 8.4
      }
    },
    {
      "quarter": "Q4 2010",
      "income status": {
        "Net sales": 94221,
        "Cost of goods sold": 72968,
        "Gross Profit": 21253,
        "Financial expenses": 2481,
        "Of which: Interest expense": 780,
        "Cost of sales": 2856,
        "Enterprise cost management": 3834,
        "Total Operating Expenses": 9171,
        "Total revenue financing activities": 165,
        "Net profit from business activities": 12247,
        "Profit": 196,
        "Profit before tax": 12442,
        "Present corporate income tax expenses": 3111,
        "Deferred income taxes expenses": "N/A",
        "The interests of minority shareholders": "N/A",
        "Total Cost of profits": 3111,
        "Profit after tax corporate income": 9332,
        "Volume": 8179284,
        "Close of Quarter": 5.1,
        "EPS": 1221.5,
        "Non-adjusted EPS": 2248,
        "PE": 2.3,
        "Book Price": 8.9
      }
    },
    {
      "quarter": "Q3 2010",
      "income status": {
        "Net sales": 61826,
        "Cost of goods sold": 53875,
        "Gross Profit": 7951,
        "Financial expenses": 1009,
        "Of which: Interest expense": 623,
        "Cost of sales": 1731,
        "Enterprise cost management": 2408,
        "Total Operating Expenses": 5148,
        "Total revenue financing activities": 60,
        "Net profit from business activities": 2863,
        "Profit": 129,
        "Profit before tax": 2992,
        "Present corporate income tax expenses": 748,
        "Deferred income taxes expenses": "N/A",
        "The interests of minority shareholders": "N/A",
        "Total Cost of profits": 748,
        "Profit after tax corporate income": 2244,
        "Volume": 8179284,
        "Close of Quarter": 5.7,
        "EPS": 815.1,
        "Non-adjusted EPS": 1500,
        "PE": 3.8,
        "Book Price": 8.3
      }
    },
    {
      "quarter": "Q2 2010",
      "income status": {
        "Net sales": 55835,
        "Cost of goods sold": 44330,
        "Gross Profit": 11505,
        "Financial expenses": 1620,
        "Of which: Interest expense": 414,
        "Cost of sales": 1509,
        "Enterprise cost management": 2004,
        "Total Operating Expenses": 5133,
        "Total revenue financing activities": 276,
        "Net profit from business activities": 6649,
        "Profit": 111,
        "Profit before tax": 6760,
        "Present corporate income tax expenses": 1690,
        "Deferred income taxes expenses": "N/A",
        "The interests of minority shareholders": "N/A",
        "Total Cost of profits": 1690,
        "Profit after tax corporate income": 5070,
        "Volume": 8179284,
        "Close of Quarter": 6.2,
        "EPS": 924.8,
        "Non-adjusted EPS": 1702,
        "PE": 3.6,
        "Book Price": 8.2
      }
    },
    {
      "quarter": "Q1 2010",
      "income status": {
        "Net sales": 54183,
        "Cost of goods sold": 48593,
        "Gross Profit": 5590,
        "Financial expenses": 646,
        "Of which: Interest expense": 476,
        "Cost of sales": 1463,
        "Enterprise cost management": 1781,
        "Total Operating Expenses": 3890,
        "Total revenue financing activities": 513,
        "Net profit from business activities": 2212,
        "Profit": 106,
        "Profit before tax": 2318,
        "Present corporate income tax expenses": 580,
        "Deferred income taxes expenses": "N/A",
        "The interests of minority shareholders": "N/A",
        "Total Cost of profits": 580,
        "Profit after tax corporate income": 1739,
        "Volume": 8179284,
        "Close of Quarter": 5.7,
        "EPS": 780.8,
        "Non-adjusted EPS": 1437,
        "PE": 4.0,
        "Book Price": 7.8
      }
    },
    {
      "quarter": "Q4 2009",
      "income status": {
        "Net sales": 69208,
        "Cost of goods sold": 58386,
        "Gross Profit": 10822,
        "Financial expenses": 3132,
        "Of which: Interest expense": 1076,
        "Cost of sales": 1912,
        "Enterprise cost management": 2590,
        "Total Operating Expenses": 7634,
        "Total revenue financing activities": 1338,
        "Net profit from business activities": 4526,
        "Profit": 521,
        "Profit before tax": 5046,
        "Present corporate income tax expenses": 1829,
        "Deferred income taxes expenses": "N/A",
        "The interests of minority shareholders": "N/A",
        "Total Cost of profits": 1829,
        "Profit after tax corporate income": 3217,
        "Volume": 8179284,
        "Close of Quarter": 6.2,
        "EPS": 808.0,
        "Non-adjusted EPS": 1487,
        "PE": 4.2,
        "Book Price": 8.2
      }
    },
    {
      "quarter": "Q3 2009",
      "income status": {
        "Net sales": 47596,
        "Cost of goods sold": 40099,
        "Gross Profit": 7497,
        "Financial expenses": 829,
        "Of which: Interest expense": "N/A",
        "Cost of sales": 648,
        "Enterprise cost management": 1784,
        "Total Operating Expenses": 3261,
        "Total revenue financing activities": 132,
        "Net profit from business activities": 4368,
        "Profit": 87,
        "Profit before tax": 4454,
        "Present corporate income tax expenses": 557,
        "Deferred income taxes expenses": "N/A",
        "The interests of minority shareholders": "N/A",
        "Total Cost of profits": 557,
        "Profit after tax corporate income": 3898,
        "Volume": 8179284,
        "Close of Quarter": 7.1,
        "EPS": 708.0,
        "Non-adjusted EPS": 1303,
        "PE": 5.5,
        "Book Price": 8.3
      }
    },
    {
      "quarter": "Q2 2009",
      "income status": {
        "Net sales": 45287,
        "Cost of goods sold": 36321,
        "Gross Profit": 8966,
        "Financial expenses": 3157,
        "Of which: Interest expense": 706,
        "Cost of sales": 578,
        "Enterprise cost management": 1890,
        "Total Operating Expenses": 5625,
        "Total revenue financing activities": 232,
        "Net profit from business activities": 3572,
        "Profit": 297,
        "Profit before tax": 3870,
        "Present corporate income tax expenses": 967,
        "Deferred income taxes expenses": "N/A",
        "The interests of minority shareholders": "N/A",
        "Total Cost of profits": 967,
        "Profit after tax corporate income": 2902,
        "Volume": 5277424,
        "Close of Quarter": 8.5,
        "EPS": 1026.2,
        "Non-adjusted EPS": 2927,
        "PE": 2.9,
        "Book Price": 8.1
      }
    },
    {
      "quarter": "Q1 2009",
      "income status": {
        "Net sales": 35710,
        "Cost of goods sold": 29054,
        "Gross Profit": 6656,
        "Financial expenses": 1653,
        "Of which: Interest expense": 944,
        "Cost of sales": 610,
        "Enterprise cost management": 1568,
        "Total Operating Expenses": 3831,
        "Total revenue financing activities": 11,
        "Net profit from business activities": 2836,
        "Profit": 22,
        "Profit before tax": 2858,
        "Present corporate income tax expenses": 715,
        "Deferred income taxes expenses": "N/A",
        "The interests of minority shareholders": "N/A",
        "Total Cost of profits": 715,
        "Profit after tax corporate income": 2144,
        "Volume": 5277424,
        "Close of Quarter": 3.9,
        "EPS": 1177.3,
        "Non-adjusted EPS": 3358,
        "PE": 1.2,
        "Book Price": 7.9
      }
    },
    {
      "quarter": "Q4 2008",
      "income status": {
        "Net sales": 66546,
        "Cost of goods sold": 55113,
        "Gross Profit": 11433,
        "Financial expenses": 6291,
        "Of which: Interest expense": 1637,
        "Cost of sales": 1787,
        "Enterprise cost management": 1797,
        "Total Operating Expenses": 9875,
        "Total revenue financing activities": 533,
        "Net profit from business activities": 2091,
        "Profit": -8,
        "Profit before tax": 2083,
        "Present corporate income tax expenses": 372,
        "Deferred income taxes expenses": "N/A",
        "The interests of minority shareholders": "N/A",
        "Total Cost of profits": 372,
        "Profit after tax corporate income": 1711,
        "Volume": 5277424,
        "Close of Quarter": 3.8,
        "EPS": 1220.8,
        "Non-adjusted EPS": 3482,
        "PE": 1.1,
        "Book Price": 8.2
      }
    },
    {
      "quarter": "Q3 2008",
      "income status": {
        "Net sales": 56218,
        "Cost of goods sold": 41153,
        "Gross Profit": 15066,
        "Financial expenses": 2099,
        "Of which: Interest expense": 1698,
        "Cost of sales": 1250,
        "Enterprise cost management": 1968,
        "Total Operating Expenses": 5317,
        "Total revenue financing activities": 13,
        "Net profit from business activities": 9762,
        "Profit": 171,
        "Profit before tax": 9934,
        "Present corporate income tax expenses": 1242,
        "Deferred income taxes expenses": "N/A",
        "The interests of minority shareholders": "N/A",
        "Total Cost of profits": 1242,
        "Profit after tax corporate income": 8692,
        "Volume": 5277424,
        "Close of Quarter": 3.3,
        "EPS": 1297.9,
        "Non-adjusted EPS": 3702,
        "PE": 0.9,
        "Book Price": 8.5
      }
    },
    {
      "quarter": "Q2 2008",
      "income status": {
        "Net sales": 48443,
        "Cost of goods sold": 37565,
        "Gross Profit": 10878,
        "Financial expenses": 1885,
        "Of which: Interest expense": 1162,
        "Cost of sales": 905,
        "Enterprise cost management": 1859,
        "Total Operating Expenses": 4649,
        "Total revenue financing activities": 84,
        "Net profit from business activities": 6313,
        "Profit": -396,
        "Profit before tax": 5917,
        "Present corporate income tax expenses": 740,
        "Deferred income taxes expenses": "N/A",
        "The interests of minority shareholders": "N/A",
        "Total Cost of profits": 740,
        "Profit after tax corporate income": 5177,
        "Volume": 4949928,
        "Close of Quarter": 3.4,
        "EPS": 768.8,
        "Non-adjusted EPS": 2338,
        "PE": 1.4,
        "Book Price": 7.7
      }
    },
    {
      "quarter": "Q1 2008",
      "income status": {
        "Net sales": 36447,
        "Cost of goods sold": 30517,
        "Gross Profit": 5930,
        "Financial expenses": 1139,
        "Of which: Interest expense": 1133,
        "Cost of sales": 971,
        "Enterprise cost management": 1148,
        "Total Operating Expenses": 3258,
        "Total revenue financing activities": 218,
        "Net profit from business activities": 2891,
        "Profit": 305,
        "Profit before tax": 3196,
        "Present corporate income tax expenses": 400,
        "Deferred income taxes expenses": "N/A",
        "The interests of minority shareholders": "N/A",
        "Total Cost of profits": 400,
        "Profit after tax corporate income": 2796,
        "Volume": 4949928,
        "Close of Quarter": 5.1,
        "EPS": 691.9,
        "Non-adjusted EPS": 2104,
        "PE": 2.4,
        "Book Price": 7.4
      }
    },
    {
      "quarter": "Q4 2007",
      "income status": {
        "Net sales": 49623,
        "Cost of goods sold": 43185,
        "Gross Profit": 6438,
        "Financial expenses": 1043,
        "Of which: Interest expense": 1022,
        "Cost of sales": 1311,
        "Enterprise cost management": 1580,
        "Total Operating Expenses": 3934,
        "Total revenue financing activities": 829,
        "Net profit from business activities": 3334,
        "Profit": 79,
        "Profit before tax": 3412,
        "Present corporate income tax expenses": 540,
        "Deferred income taxes expenses": "N/A",
        "The interests of minority shareholders": "N/A",
        "Total Cost of profits": 540,
        "Profit after tax corporate income": 2872,
        "Volume": 3000000,
        "Close of Quarter": 9.8,
        "EPS": 696.1,
        "Non-adjusted EPS": 3493,
        "PE": 2.8,
        "Book Price": 4.3
      }
    },
    {
      "quarter": "Q3 2007",
      "income status": {
        "Net sales": 37342,
        "Cost of goods sold": 33812,
        "Gross Profit": 3531,
        "Financial expenses": 585,
        "Of which: Interest expense": 495,
        "Cost of sales": 794,
        "Enterprise cost management": 1423,
        "Total Operating Expenses": 2802,
        "Total revenue financing activities": 11,
        "Net profit from business activities": 739,
        "Profit": 94,
        "Profit before tax": 834,
        "Present corporate income tax expenses": 105,
        "Deferred income taxes expenses": "N/A",
        "The interests of minority shareholders": "N/A",
        "Total Cost of profits": 105,
        "Profit after tax corporate income": 729,
        "Volume": 3000000,
        "Close of Quarter": 9.7,
        "EPS": 564.8,
        "Non-adjusted EPS": 2834,
        "PE": 3.4,
        "Book Price": 4.1
      }
    },
    {
      "quarter": "Q2 2007",
      "income status": {
        "Net sales": 41197,
        "Cost of goods sold": 34420,
        "Gross Profit": 6777,
        "Financial expenses": 222,
        "Of which: Interest expense": 199,
        "Cost of sales": 684,
        "Enterprise cost management": 1382,
        "Total Operating Expenses": 2288,
        "Total revenue financing activities": 44,
        "Net profit from business activities": 4534,
        "Profit": 58,
        "Profit before tax": 4591,
        "Present corporate income tax expenses": 574,
        "Deferred income taxes expenses": "N/A",
        "The interests of minority shareholders": "N/A",
        "Total Cost of profits": 574,
        "Profit after tax corporate income": 4017,
        "Volume": 3000000,
        "Close of Quarter": 6.4,
        "EPS": 590.5,
        "Non-adjusted EPS": 2963,
        "PE": 2.2,
        "Book Price": 4.1
      }
    },
    {
      "quarter": "Q1 2007",
      "income status": {
        "Net sales": 37696,
        "Cost of goods sold": 32241,
        "Gross Profit": 5455,
        "Financial expenses": 269,
        "Of which: Interest expense": 259,
        "Cost of sales": 730,
        "Enterprise cost management": 1528,
        "Total Operating Expenses": 2527,
        "Total revenue financing activities": 97,
        "Net profit from business activities": 3026,
        "Profit": 22,
        "Profit before tax": 3047,
        "Present corporate income tax expenses": 187,
        "Deferred income taxes expenses": "N/A",
        "The interests of minority shareholders": "N/A",
        "Total Cost of profits": 187,
        "Profit after tax corporate income": 2860,
        "Volume": 3000000,
        "Close of Quarter": 7.2,
        "EPS": 449.0,
        "Non-adjusted EPS": 2253,
        "PE": 3.2,
        "Book Price": 3.8
      }
    },
    {
      "quarter": "Q4 2006",
      "income status": {
        "Net sales": 43364,
        "Cost of goods sold": 38276,
        "Gross Profit": 5089,
        "Financial expenses": 737,
        "Of which: Interest expense": 461,
        "Cost of sales": 893,
        "Enterprise cost management": 1869,
        "Total Operating Expenses": 3499,
        "Total revenue financing activities": 86,
        "Net profit from business activities": 1675,
        "Profit": 79,
        "Profit before tax": 1755,
        "Present corporate income tax expenses": 858,
        "Deferred income taxes expenses": "N/A",
        "The interests of minority shareholders": "N/A",
        "Total Cost of profits": 858,
        "Profit after tax corporate income": 897,
        "Volume": 3000000,
        "Close of Quarter": 6.8,
        "EPS": 330.2,
        "Non-adjusted EPS": 1657,
        "PE": 4.1,
        "Book Price": 3.9
      }
    },
    {
      "quarter": "Q3 2006",
      "income status": {
        "Net sales": 36633,
        "Cost of goods sold": 32797,
        "Gross Profit": 3836,
        "Financial expenses": 581,
        "Of which: Interest expense": 480,
        "Cost of sales": 551,
        "Enterprise cost management": 1341,
        "Total Operating Expenses": 2473,
        "Total revenue financing activities": 6,
        "Net profit from business activities": 1370,
        "Profit": 77,
        "Profit before tax": 1447,
        "Present corporate income tax expenses": 333,
        "Deferred income taxes expenses": "N/A",
        "The interests of minority shareholders": "N/A",
        "Total Cost of profits": 333,
        "Profit after tax corporate income": 1114,
        "Volume": 3000000,
        "Close of Quarter": "N/A",
        "EPS": 270.6,
        "Non-adjusted EPS": 1358,
        "PE": "N/A",
        "Book Price": 2.7
      }
    },
    {
      "quarter": "Q2 2006",
      "income status": {
        "Net sales": 36134,
        "Cost of goods sold": 31980,
        "Gross Profit": 4154,
        "Financial expenses": 620,
        "Of which: Interest expense": 522,
        "Cost of sales": 366,
        "Enterprise cost management": 1101,
        "Total Operating Expenses": 2087,
        "Total revenue financing activities": 8,
        "Net profit from business activities": 2074,
        "Profit": 156,
        "Profit before tax": 2230,
        "Present corporate income tax expenses": 341,
        "Deferred income taxes expenses": "N/A",
        "The interests of minority shareholders": "N/A",
        "Total Cost of profits": 341,
        "Profit after tax corporate income": 1889,
        "Volume": 3000000,
        "Close of Quarter": "N/A",
        "EPS": 196.7,
        "Non-adjusted EPS": 987,
        "PE": "N/A",
        "Book Price": "N/A"
      }
    },
    {
      "quarter": "Q1 2006",
      "income status": {
        "Net sales": 36212,
        "Cost of goods sold": 33124,
        "Gross Profit": 3088,
        "Financial expenses": 704,
        "Of which: Interest expense": 662,
        "Cost of sales": 570,
        "Enterprise cost management": 743,
        "Total Operating Expenses": 2017,
        "Total revenue financing activities": 7,
        "Net profit from business activities": 1078,
        "Profit": -6,
        "Profit before tax": 1072,
        "Present corporate income tax expenses": "N/A",
        "Deferred income taxes expenses": "N/A",
        "The interests of minority shareholders": "N/A",
        "Total Cost of profits": 0,
        "Profit after tax corporate income": 1072,
        "Volume": 3000000,
        "Close of Quarter": "N/A",
        "EPS": 71.2,
        "Non-adjusted EPS": 357,
        "PE": "N/A",
        "Book Price": "N/A"
      }
    }
  ]
}