{
  "ticker": "VNP",
  "data": [
    {
      "quarter": "Q1 2017",
      "income status": {
        "Net sales": 43172,
        "Cost of goods sold": 36610,
        "Gross Profit": 6562,
        "Financial expenses": 2837,
        "Of which: Interest expense": 1043,
        "Cost of sales": 834,
        "Enterprise cost management": 2897,
        "Total Operating Expenses": 6568,
        "Total revenue financing activities": 232,
        "Net profit from business activities": 4300,
        "Profit": 59,
        "Profit before tax": 4359,
        "Present corporate income tax expenses": 7,
        "Deferred income taxes expenses": "N/A",
        "The interests of minority shareholders": "N/A",
        "Total Cost of profits": 7,
        "Profit after tax corporate income": 4352,
        "Volume": 19428913,
        "Close of Quarter": 5,
        "EPS": 1674,
        "Non-adjusted EPS": 1674,
        "PE": 3.0,
        "Book Price": 3.1
      }
    },
    {
      "quarter": "Q4 2016",
      "income status": {
        "Net sales": 67315,
        "Cost of goods sold": 69690,
        "Gross Profit": -2375,
        "Financial expenses": 4051,
        "Of which: Interest expense": 3894,
        "Cost of sales": 1464,
        "Enterprise cost management": -9536,
        "Total Operating Expenses": -4021,
        "Total revenue financing activities": 3075,
        "Net profit from business activities": 8802,
        "Profit": 423,
        "Profit before tax": 9224,
        "Present corporate income tax expenses": 65,
        "Deferred income taxes expenses": "N/A",
        "The interests of minority shareholders": 3,
        "Total Cost of profits": 68,
        "Profit after tax corporate income": 9156,
        "Volume": 19428913,
        "Close of Quarter": 4.4,
        "EPS": 1729,
        "Non-adjusted EPS": 1729,
        "PE": 2.5,
        "Book Price": 4.1
      }
    },
    {
      "quarter": "Q3 2016",
      "income status": {
        "Net sales": 55899,
        "Cost of goods sold": 51462,
        "Gross Profit": 4437,
        "Financial expenses": 2079,
        "Of which: Interest expense": 2001,
        "Cost of sales": 1196,
        "Enterprise cost management": -4243,
        "Total Operating Expenses": -968,
        "Total revenue financing activities": 223,
        "Net profit from business activities": 18833,
        "Profit": 2,
        "Profit before tax": 18835,
        "Present corporate income tax expenses": 46,
        "Deferred income taxes expenses": "N/A",
        "The interests of minority shareholders": 2,
        "Total Cost of profits": 48,
        "Profit after tax corporate income": 18787,
        "Volume": 19428913,
        "Close of Quarter": 3.7,
        "EPS": 1626,
        "Non-adjusted EPS": 1626,
        "PE": 2.3,
        "Book Price": 3.7
      }
    },
    {
      "quarter": "Q2 2016",
      "income status": {
        "Net sales": 64121,
        "Cost of goods sold": 63495,
        "Gross Profit": 626,
        "Financial expenses": 5224,
        "Of which: Interest expense": 5130,
        "Cost of sales": 2050,
        "Enterprise cost management": 7018,
        "Total Operating Expenses": 14292,
        "Total revenue financing activities": 4188,
        "Net profit from business activities": 1473,
        "Profit": -1179,
        "Profit before tax": 294,
        "Present corporate income tax expenses": -44,
        "Deferred income taxes expenses": 102,
        "The interests of minority shareholders": 3,
        "Total Cost of profits": 61,
        "Profit after tax corporate income": 233,
        "Volume": 19428913,
        "Close of Quarter": 7.2,
        "EPS": 1024,
        "Non-adjusted EPS": 1024,
        "PE": 7.0,
        "Book Price": 2.7
      }
    },
    {
      "quarter": "Q1 2016",
      "income status": {
        "Net sales": 50239,
        "Cost of goods sold": 44249,
        "Gross Profit": 5990,
        "Financial expenses": 3265,
        "Of which: Interest expense": 3256,
        "Cost of sales": 843,
        "Enterprise cost management": 3973,
        "Total Operating Expenses": 8081,
        "Total revenue financing activities": 530,
        "Net profit from business activities": 5470,
        "Profit": 1,
        "Profit before tax": 5471,
        "Present corporate income tax expenses": 44,
        "Deferred income taxes expenses": "N/A",
        "The interests of minority shareholders": 2,
        "Total Cost of profits": 46,
        "Profit after tax corporate income": 5425,
        "Volume": 19428913,
        "Close of Quarter": 9.3,
        "EPS": 1440,
        "Non-adjusted EPS": 1440,
        "PE": 6.5,
        "Book Price": 2.4
      }
    },
    {
      "quarter": "Q4 2015",
      "income status": {
        "Net sales": 110266,
        "Cost of goods sold": 103590,
        "Gross Profit": 6675,
        "Financial expenses": 10972,
        "Of which: Interest expense": 7486,
        "Cost of sales": 1508,
        "Enterprise cost management": 5157,
        "Total Operating Expenses": 17637,
        "Total revenue financing activities": 15305,
        "Net profit from business activities": 7032,
        "Profit": 187,
        "Profit before tax": 7219,
        "Present corporate income tax expenses": 75,
        "Deferred income taxes expenses": "N/A",
        "The interests of minority shareholders": 3,
        "Total Cost of profits": 78,
        "Profit after tax corporate income": 7141,
        "Volume": 19428913,
        "Close of Quarter": 5.5,
        "EPS": 1167,
        "Non-adjusted EPS": 1167,
        "PE": 4.7,
        "Book Price": 3.8
      }
    },
    {
      "quarter": "Q3 2015",
      "income status": {
        "Net sales": 78783,
        "Cost of goods sold": 76355,
        "Gross Profit": 2427,
        "Financial expenses": 4117,
        "Of which: Interest expense": 4117,
        "Cost of sales": 990,
        "Enterprise cost management": 3226,
        "Total Operating Expenses": 8333,
        "Total revenue financing activities": 6230,
        "Net profit from business activities": 7164,
        "Profit": -41,
        "Profit before tax": 7123,
        "Present corporate income tax expenses": 26,
        "Deferred income taxes expenses": "N/A",
        "The interests of minority shareholders": 1,
        "Total Cost of profits": 27,
        "Profit after tax corporate income": 7096,
        "Volume": 19428913,
        "Close of Quarter": 2.4,
        "EPS": 606,
        "Non-adjusted EPS": 606,
        "PE": 4.0,
        "Book Price": 4.7
      }
    },
    {
      "quarter": "Q2 2015",
      "income status": {
        "Net sales": 156965,
        "Cost of goods sold": 144247,
        "Gross Profit": 12718,
        "Financial expenses": 4955,
        "Of which: Interest expense": 9911,
        "Cost of sales": 2365,
        "Enterprise cost management": 6492,
        "Total Operating Expenses": 13812,
        "Total revenue financing activities": 3798,
        "Net profit from business activities": 8464,
        "Profit": 109,
        "Profit before tax": 8573,
        "Present corporate income tax expenses": 108,
        "Deferred income taxes expenses": "N/A",
        "The interests of minority shareholders": 152,
        "Total Cost of profits": 260,
        "Profit after tax corporate income": 8313,
        "Volume": 19428913,
        "Close of Quarter": "N/A",
        "EPS": 454,
        "Non-adjusted EPS": 454,
        "PE": "N/A",
        "Book Price": 3.6
      }
    },
    {
      "quarter": "Q1 2015",
      "income status": {
        "Net sales": 94493,
        "Cost of goods sold": 88574,
        "Gross Profit": 5920,
        "Financial expenses": 5263,
        "Of which: Interest expense": "N/A",
        "Cost of sales": 1535,
        "Enterprise cost management": 5447,
        "Total Operating Expenses": 12245,
        "Total revenue financing activities": 3694,
        "Net profit from business activities": -575,
        "Profit": 826,
        "Profit before tax": 250,
        "Present corporate income tax expenses": 93,
        "Deferred income taxes expenses": "N/A",
        "The interests of minority shareholders": 39,
        "Total Cost of profits": 132,
        "Profit after tax corporate income": 118,
        "Volume": 19428913,
        "Close of Quarter": "N/A",
        "EPS": 26,
        "Non-adjusted EPS": 26,
        "PE": "N/A",
        "Book Price": 2.3
      }
    },
    {
      "quarter": "Q4 2014",
      "income status": {
        "Net sales": 162191,
        "Cost of goods sold": 156326,
        "Gross Profit": 5865,
        "Financial expenses": 5468,
        "Of which: Interest expense": 5394,
        "Cost of sales": 2717,
        "Enterprise cost management": 5337,
        "Total Operating Expenses": 13522,
        "Total revenue financing activities": 4264,
        "Net profit from business activities": -3691,
        "Profit": 125,
        "Profit before tax": -3565,
        "Present corporate income tax expenses": 194,
        "Deferred income taxes expenses": "N/A",
        "The interests of minority shareholders": "N/A",
        "Total Cost of profits": 194,
        "Profit after tax corporate income": -3760,
        "Volume": 19428913,
        "Close of Quarter": "N/A",
        "EPS": 20,
        "Non-adjusted EPS": 20,
        "PE": "N/A",
        "Book Price": 1.6
      }
    },
    {
      "quarter": "Q3 2014",
      "income status": {
        "Net sales": 173750,
        "Cost of goods sold": 163610,
        "Gross Profit": 10140,
        "Financial expenses": 5580,
        "Of which: Interest expense": 5507,
        "Cost of sales": 2596,
        "Enterprise cost management": 8437,
        "Total Operating Expenses": 16613,
        "Total revenue financing activities": 4986,
        "Net profit from business activities": 4028,
        "Profit": 421,
        "Profit before tax": 4449,
        "Present corporate income tax expenses": 299,
        "Deferred income taxes expenses": "N/A",
        "The interests of minority shareholders": "N/A",
        "Total Cost of profits": 299,
        "Profit after tax corporate income": 4150,
        "Volume": 19428913,
        "Close of Quarter": "N/A",
        "EPS": 214,
        "Non-adjusted EPS": 214,
        "PE": "N/A",
        "Book Price": 3.5
      }
    }
  ]
}