{
  "ticker": "KLF",
  "data": [
    {
      "quarter": "Q1 2017",
      "income status": {
        "Net sales": 145915,
        "Cost of goods sold": 132201,
        "Gross Profit": 13713,
        "Financial expenses": 18070,
        "Of which: Interest expense": 1070,
        "Cost of sales": 7357,
        "Enterprise cost management": 4523,
        "Total Operating Expenses": 29950,
        "Total revenue financing activities": 17590,
        "Net profit from business activities": 3007,
        "Profit": -104,
        "Profit before tax": 2902,
        "Present corporate income tax expenses": 484,
        "Deferred income taxes expenses": "N/A",
        "The interests of minority shareholders": -108,
        "Total Cost of profits": 376,
        "Profit after tax corporate income": 2526,
        "Volume": 165352561,
        "Close of Quarter": 2.6,
        "EPS": 99,
        "Non-adjusted EPS": 99,
        "PE": 26.3,
        "Book Price": 10.6
      }
    },
    {
      "quarter": "Q4 2016",
      "income status": {
        "Net sales": 191798,
        "Cost of goods sold": 176326,
        "Gross Profit": 15472,
        "Financial expenses": 483,
        "Of which: Interest expense": 229,
        "Cost of sales": 7245,
        "Enterprise cost management": 4063,
        "Total Operating Expenses": 11791,
        "Total revenue financing activities": 15189,
        "Net profit from business activities": 27813,
        "Profit": 1238,
        "Profit before tax": 29051,
        "Present corporate income tax expenses": 769,
        "Deferred income taxes expenses": 3987,
        "The interests of minority shareholders": -218,
        "Total Cost of profits": 4538,
        "Profit after tax corporate income": 24513,
        "Volume": 165352561,
        "Close of Quarter": 2.4,
        "EPS": 87,
        "Non-adjusted EPS": 87,
        "PE": 27.6,
        "Book Price": 10.7
      }
    },
    {
      "quarter": "Q3 2016",
      "income status": {
        "Net sales": 127337,
        "Cost of goods sold": 122201,
        "Gross Profit": 5136,
        "Financial expenses": 553,
        "Of which: Interest expense": 301,
        "Cost of sales": 4639,
        "Enterprise cost management": 4781,
        "Total Operating Expenses": 9973,
        "Total revenue financing activities": 4905,
        "Net profit from business activities": -6214,
        "Profit": -5273,
        "Profit before tax": -11488,
        "Present corporate income tax expenses": "N/A",
        "Deferred income taxes expenses": "N/A",
        "The interests of minority shareholders": -796,
        "Total Cost of profits": -796,
        "Profit after tax corporate income": -10692,
        "Volume": 165352561,
        "Close of Quarter": 2,
        "EPS": -55,
        "Non-adjusted EPS": -55,
        "PE": -36.4,
        "Book Price": 10.5
      }
    },
    {
      "quarter": "Q2 2016",
      "income status": {
        "Net sales": 176622,
        "Cost of goods sold": 166210,
        "Gross Profit": 10412,
        "Financial expenses": 882,
        "Of which: Interest expense": 756,
        "Cost of sales": 1541,
        "Enterprise cost management": 4912,
        "Total Operating Expenses": 7335,
        "Total revenue financing activities": 6806,
        "Net profit from business activities": 7123,
        "Profit": -4758,
        "Profit before tax": 2364,
        "Present corporate income tax expenses": 2005,
        "Deferred income taxes expenses": "N/A",
        "The interests of minority shareholders": 288,
        "Total Cost of profits": 2293,
        "Profit after tax corporate income": 71,
        "Volume": 165352561,
        "Close of Quarter": 2.8,
        "EPS": 40,
        "Non-adjusted EPS": 40,
        "PE": 70,
        "Book Price": 10.6
      }
    },
    {
      "quarter": "Q1 2016",
      "income status": {
        "Net sales": 409458,
        "Cost of goods sold": 397255,
        "Gross Profit": 12204,
        "Financial expenses": 897,
        "Of which: Interest expense": 371,
        "Cost of sales": 9871,
        "Enterprise cost management": 5831,
        "Total Operating Expenses": 16599,
        "Total revenue financing activities": 5366,
        "Net profit from business activities": 958,
        "Profit": -321,
        "Profit before tax": 637,
        "Present corporate income tax expenses": 257,
        "Deferred income taxes expenses": "N/A",
        "The interests of minority shareholders": -181,
        "Total Cost of profits": 76,
        "Profit after tax corporate income": 561,
        "Volume": 165352561,
        "Close of Quarter": 3.6,
        "EPS": 82,
        "Non-adjusted EPS": 82,
        "PE": 43.9,
        "Book Price": 10.6
      }
    },
    {
      "quarter": "Q4 2015",
      "income status": {
        "Net sales": 823364,
        "Cost of goods sold": 796240,
        "Gross Profit": 27125,
        "Financial expenses": 6449,
        "Of which: Interest expense": 273,
        "Cost of sales": 10654,
        "Enterprise cost management": 9278,
        "Total Operating Expenses": 26381,
        "Total revenue financing activities": 4141,
        "Net profit from business activities": 4140,
        "Profit": -2099,
        "Profit before tax": 2041,
        "Present corporate income tax expenses": 1387,
        "Deferred income taxes expenses": "N/A",
        "The interests of minority shareholders": -343,
        "Total Cost of profits": 1044,
        "Profit after tax corporate income": 997,
        "Volume": 165352561,
        "Close of Quarter": 4.4,
        "EPS": 288,
        "Non-adjusted EPS": 288,
        "PE": 15.3,
        "Book Price": 10.6
      }
    },
    {
      "quarter": "Q3 2015",
      "income status": {
        "Net sales": 309989,
        "Cost of goods sold": 296170,
        "Gross Profit": 13819,
        "Financial expenses": 261,
        "Of which: Interest expense": 184,
        "Cost of sales": 3897,
        "Enterprise cost management": 6060,
        "Total Operating Expenses": 10218,
        "Total revenue financing activities": 2592,
        "Net profit from business activities": 6227,
        "Profit": 248,
        "Profit before tax": 6474,
        "Present corporate income tax expenses": 1749,
        "Deferred income taxes expenses": "N/A",
        "The interests of minority shareholders": -279,
        "Total Cost of profits": 1470,
        "Profit after tax corporate income": 5005,
        "Volume": 165352561,
        "Close of Quarter": 4.2,
        "EPS": 310,
        "Non-adjusted EPS": 310,
        "PE": 13.6,
        "Book Price": 10.6
      }
    },
    {
      "quarter": "Q2 2015",
      "income status": {
        "Net sales": 348697,
        "Cost of goods sold": 334156,
        "Gross Profit": 14541,
        "Financial expenses": -279338,
        "Of which: Interest expense": 3,
        "Cost of sales": 2664,
        "Enterprise cost management": 4919,
        "Total Operating Expenses": -271755,
        "Total revenue financing activities": -277131,
        "Net profit from business activities": 9177,
        "Profit": 135,
        "Profit before tax": 9312,
        "Present corporate income tax expenses": 2134,
        "Deferred income taxes expenses": "N/A",
        "The interests of minority shareholders": 152,
        "Total Cost of profits": 2286,
        "Profit after tax corporate income": 7025,
        "Volume": 165352561,
        "Close of Quarter": 6.9,
        "EPS": 493,
        "Non-adjusted EPS": 493,
        "PE": 14,
        "Book Price": 10.6
      }
    },
    {
      "quarter": "Q1 2015",
      "income status": {
        "Net sales": 160694,
        "Cost of goods sold": 155547,
        "Gross Profit": 5147,
        "Financial expenses": 308601,
        "Of which: Interest expense": "N/A",
        "Cost of sales": 4234,
        "Enterprise cost management": 6685,
        "Total Operating Expenses": 319520,
        "Total revenue financing activities": 357417,
        "Net profit from business activities": 43398,
        "Profit": 899,
        "Profit before tax": 44298,
        "Present corporate income tax expenses": 9640,
        "Deferred income taxes expenses": "N/A",
        "The interests of minority shareholders": 76,
        "Total Cost of profits": 9716,
        "Profit after tax corporate income": 34581,
        "Volume": 151699989,
        "Close of Quarter": 9.3,
        "EPS": 627.5,
        "Non-adjusted EPS": 684,
        "PE": 13.6,
        "Book Price": 10.6
      }
    },
    {
      "quarter": "Q4 2014",
      "income status": {
        "Net sales": 303467,
        "Cost of goods sold": 290314,
        "Gross Profit": 13153,
        "Financial expenses": 2447,
        "Of which: Interest expense": 2174,
        "Cost of sales": 4571,
        "Enterprise cost management": 5255,
        "Total Operating Expenses": 12273,
        "Total revenue financing activities": 2550,
        "Net profit from business activities": 5467,
        "Profit": 137,
        "Profit before tax": 5604,
        "Present corporate income tax expenses": 766,
        "Deferred income taxes expenses": "N/A",
        "The interests of minority shareholders": 247,
        "Total Cost of profits": 1013,
        "Profit after tax corporate income": 4591,
        "Volume": 151699989,
        "Close of Quarter": 10.2,
        "EPS": 537.6,
        "Non-adjusted EPS": 586,
        "PE": 17.4,
        "Book Price": 10.3
      }
    },
    {
      "quarter": "Q3 2014",
      "income status": {
        "Net sales": 156282,
        "Cost of goods sold": 140442,
        "Gross Profit": 15839,
        "Financial expenses": 1397,
        "Of which: Interest expense": 1397,
        "Cost of sales": 3309,
        "Enterprise cost management": 5123,
        "Total Operating Expenses": 9829,
        "Total revenue financing activities": 35174,
        "Net profit from business activities": 44263,
        "Profit": 26,
        "Profit before tax": 44289,
        "Present corporate income tax expenses": 8955,
        "Deferred income taxes expenses": "N/A",
        "The interests of minority shareholders": "N/A",
        "Total Cost of profits": 8955,
        "Profit after tax corporate income": 35334,
        "Volume": 74000000,
        "Close of Quarter": 11.2,
        "EPS": 598.8,
        "Non-adjusted EPS": 1338,
        "PE": 8.4,
        "Book Price": 5.9
      }
    },
    {
      "quarter": "Q2 2014",
      "income status": {
        "Net sales": 148440,
        "Cost of goods sold": 141046,
        "Gross Profit": 7394,
        "Financial expenses": 870,
        "Of which: Interest expense": 870,
        "Cost of sales": 2758,
        "Enterprise cost management": 2964,
        "Total Operating Expenses": 6592,
        "Total revenue financing activities": 34212,
        "Net profit from business activities": 35014,
        "Profit": 12,
        "Profit before tax": 35026,
        "Present corporate income tax expenses": 5715,
        "Deferred income taxes expenses": "N/A",
        "The interests of minority shareholders": "N/A",
        "Total Cost of profits": 5715,
        "Profit after tax corporate income": 29311,
        "Volume": 74000000,
        "Close of Quarter": 9.0,
        "EPS": 448.9,
        "Non-adjusted EPS": 1003,
        "PE": 9.0,
        "Book Price": 5.3
      }
    },
    {
      "quarter": "Q1 2014",
      "income status": {
        "Net sales": 124197,
        "Cost of goods sold": 113738,
        "Gross Profit": 10459,
        "Financial expenses": 791,
        "Of which: Interest expense": 791,
        "Cost of sales": 2953,
        "Enterprise cost management": 3517,
        "Total Operating Expenses": 7261,
        "Total revenue financing activities": 21022,
        "Net profit from business activities": 25053,
        "Profit": -7,
        "Profit before tax": 25046,
        "Present corporate income tax expenses": 5403,
        "Deferred income taxes expenses": "N/A",
        "The interests of minority shareholders": 10,
        "Total Cost of profits": 5413,
        "Profit after tax corporate income": 19633,
        "Volume": 26000000,
        "Close of Quarter": 10.0,
        "EPS": 285.2,
        "Non-adjusted EPS": 1814,
        "PE": 5.5,
        "Book Price": 1.9
      }
    },
    {
      "quarter": "Q4 2013",
      "income status": {
        "Net sales": 203737,
        "Cost of goods sold": 181792,
        "Gross Profit": 21946,
        "Financial expenses": 408,
        "Of which: Interest expense": 408,
        "Cost of sales": 1636,
        "Enterprise cost management": 5501,
        "Total Operating Expenses": 7545,
        "Total revenue financing activities": 5231,
        "Net profit from business activities": 19632,
        "Profit": 81,
        "Profit before tax": 19713,
        "Present corporate income tax expenses": 4992,
        "Deferred income taxes expenses": "N/A",
        "The interests of minority shareholders": 17,
        "Total Cost of profits": 5009,
        "Profit after tax corporate income": 14704,
        "Volume": 26000000,
        "Close of Quarter": 9.9,
        "EPS": 174.2,
        "Non-adjusted EPS": 1108,
        "PE": 9.0,
        "Book Price": 1.8
      }
    },
    {
      "quarter": "Q3 2013",
      "income status": {
        "Net sales": 97563,
        "Cost of goods sold": 86729,
        "Gross Profit": 10834,
        "Financial expenses": 130,
        "Of which: Interest expense": 130,
        "Cost of sales": 834,
        "Enterprise cost management": 2502,
        "Total Operating Expenses": 3466,
        "Total revenue financing activities": 6837,
        "Net profit from business activities": 14204,
        "Profit": "N/A",
        "Profit before tax": 14204,
        "Present corporate income tax expenses": 3630,
        "Deferred income taxes expenses": "N/A",
        "The interests of minority shareholders": 15,
        "Total Cost of profits": 3645,
        "Profit after tax corporate income": 10559,
        "Volume": 26000000,
        "Close of Quarter": 14.0,
        "EPS": 85.2,
        "Non-adjusted EPS": 542,
        "PE": 25.9,
        "Book Price": 1.7
      }
    },
    {
      "quarter": "Q2 2013",
      "income status": {
        "Net sales": 30175,
        "Cost of goods sold": 26547,
        "Gross Profit": 3628,
        "Financial expenses": 84,
        "Of which: Interest expense": 84,
        "Cost of sales": 2481,
        "Enterprise cost management": 2802,
        "Total Operating Expenses": 5367,
        "Total revenue financing activities": 4994,
        "Net profit from business activities": 3255,
        "Profit": "N/A",
        "Profit before tax": 3255,
        "Present corporate income tax expenses": 989,
        "Deferred income taxes expenses": "N/A",
        "The interests of minority shareholders": 10,
        "Total Cost of profits": 999,
        "Profit after tax corporate income": 2256,
        "Volume": 26000000,
        "Close of Quarter": "N/A",
        "EPS": 21.4,
        "Non-adjusted EPS": 136,
        "PE": "N/A",
        "Book Price": 1.6
      }
    },
    {
      "quarter": "Q1 2013",
      "income status": {
        "Net sales": 212284,
        "Cost of goods sold": 208655,
        "Gross Profit": 3630,
        "Financial expenses": 7580,
        "Of which: Interest expense": 4162,
        "Cost of sales": 38,
        "Enterprise cost management": 4329,
        "Total Operating Expenses": 11947,
        "Total revenue financing activities": 9450,
        "Net profit from business activities": 1133,
        "Profit": -113,
        "Profit before tax": 1580,
        "Present corporate income tax expenses": 299,
        "Deferred income taxes expenses": "N/A",
        "The interests of minority shareholders": 3,
        "Total Cost of profits": 302,
        "Profit after tax corporate income": 1278,
        "Volume": 26000000,
        "Close of Quarter": "N/A",
        "EPS": 7.7,
        "Non-adjusted EPS": 49,
        "PE": "N/A",
        "Book Price": 7.3
      }
    }
  ]
}