{
  "ticker": "SLS",
  "data": [
    {
      "quarter": "Q1 2017",
      "income status": {
        "Net sales": 298056,
        "Cost of goods sold": 192862,
        "Gross Profit": 105194,
        "Financial expenses": 4725,
        "Of which: Interest expense": 4725,
        "Cost of sales": 1448,
        "Enterprise cost management": 7530,
        "Total Operating Expenses": 13703,
        "Total revenue financing activities": 1819,
        "Net profit from business activities": 93310,
        "Profit": 63,
        "Profit before tax": 93373,
        "Present corporate income tax expenses": 217,
        "Deferred income taxes expenses": "N/A",
        "The interests of minority shareholders": "N/A",
        "Total Cost of profits": 217,
        "Profit after tax corporate income": 93156,
        "Volume": 8159983,
        "Close of Quarter": 130.2,
        "EPS": 22365,
        "Non-adjusted EPS": 22365,
        "PE": 5.8,
        "Book Price": 46.8
      }
    },
    {
      "quarter": "Q4 2016",
      "income status": {
        "Net sales": 39653,
        "Cost of goods sold": 23581,
        "Gross Profit": 16072,
        "Financial expenses": 2088,
        "Of which: Interest expense": 1723,
        "Cost of sales": 177,
        "Enterprise cost management": 4590,
        "Total Operating Expenses": 6855,
        "Total revenue financing activities": 1619,
        "Net profit from business activities": 10836,
        "Profit": -347,
        "Profit before tax": 10489,
        "Present corporate income tax expenses": 92,
        "Deferred income taxes expenses": "N/A",
        "The interests of minority shareholders": "N/A",
        "Total Cost of profits": 92,
        "Profit after tax corporate income": 10398,
        "Volume": 6800000,
        "Close of Quarter": 87.4,
        "EPS": 16793.4,
        "Non-adjusted EPS": 20152,
        "PE": 4.3,
        "Book Price": 35.4
      }
    },
    {
      "quarter": "Q3 2016",
      "income status": {
        "Net sales": 55179,
        "Cost of goods sold": 29639,
        "Gross Profit": 25540,
        "Financial expenses": 1878,
        "Of which: Interest expense": 1878,
        "Cost of sales": 198,
        "Enterprise cost management": 2281,
        "Total Operating Expenses": 4357,
        "Total revenue financing activities": 17,
        "Net profit from business activities": 21200,
        "Profit": -54,
        "Profit before tax": 21146,
        "Present corporate income tax expenses": 4,
        "Deferred income taxes expenses": "N/A",
        "The interests of minority shareholders": "N/A",
        "Total Cost of profits": 4,
        "Profit after tax corporate income": 21143,
        "Volume": 6800000,
        "Close of Quarter": 123.5,
        "EPS": 16245.9,
        "Non-adjusted EPS": 19495,
        "PE": 6.3,
        "Book Price": 35.6
      }
    },
    {
      "quarter": "Q2 2016",
      "income status": {
        "Net sales": 158454,
        "Cost of goods sold": 101360,
        "Gross Profit": 57094,
        "Financial expenses": 1335,
        "Of which: Interest expense": 1054,
        "Cost of sales": 816,
        "Enterprise cost management": -154,
        "Total Operating Expenses": 1997,
        "Total revenue financing activities": 2949,
        "Net profit from business activities": 58046,
        "Profit": 39,
        "Profit before tax": 58085,
        "Present corporate income tax expenses": 287,
        "Deferred income taxes expenses": "N/A",
        "The interests of minority shareholders": "N/A",
        "Total Cost of profits": 287,
        "Profit after tax corporate income": 57798,
        "Volume": 6800000,
        "Close of Quarter": 100.1,
        "EPS": 16687.5,
        "Non-adjusted EPS": 20025,
        "PE": 5,
        "Book Price": 33
      }
    },
    {
      "quarter": "Q1 2016",
      "income status": {
        "Net sales": 267214,
        "Cost of goods sold": 208822,
        "Gross Profit": 58392,
        "Financial expenses": 1081,
        "Of which: Interest expense": 1081,
        "Cost of sales": 1419,
        "Enterprise cost management": 9322,
        "Total Operating Expenses": 11822,
        "Total revenue financing activities": 1264,
        "Net profit from business activities": 47835,
        "Profit": 170,
        "Profit before tax": 48005,
        "Present corporate income tax expenses": 310,
        "Deferred income taxes expenses": "N/A",
        "The interests of minority shareholders": "N/A",
        "Total Cost of profits": 310,
        "Profit after tax corporate income": 47695,
        "Volume": 6800000,
        "Close of Quarter": 54.5,
        "EPS": 14024.2,
        "Non-adjusted EPS": 16829,
        "PE": 3.2,
        "Book Price": 30.2
      }
    },
    {
      "quarter": "Q4 2015",
      "income status": {
        "Net sales": 35575,
        "Cost of goods sold": 24626,
        "Gross Profit": 10949,
        "Financial expenses": 2792,
        "Of which: Interest expense": 12,
        "Cost of sales": 371,
        "Enterprise cost management": 4641,
        "Total Operating Expenses": 7804,
        "Total revenue financing activities": 637,
        "Net profit from business activities": 3782,
        "Profit": 1049,
        "Profit before tax": 4832,
        "Present corporate income tax expenses": -1102,
        "Deferred income taxes expenses": "N/A",
        "The interests of minority shareholders": "N/A",
        "Total Cost of profits": -1102,
        "Profit after tax corporate income": 5933,
        "Volume": 6800000,
        "Close of Quarter": 41.0,
        "EPS": 9665.0,
        "Non-adjusted EPS": 11598,
        "PE": 3.5,
        "Book Price": 24.3
      }
    },
    {
      "quarter": "Q3 2015",
      "income status": {
        "Net sales": 128241,
        "Cost of goods sold": 100767,
        "Gross Profit": 27473,
        "Financial expenses": 37,
        "Of which: Interest expense": 37,
        "Cost of sales": 555,
        "Enterprise cost management": 2546,
        "Total Operating Expenses": 3138,
        "Total revenue financing activities": 473,
        "Net profit from business activities": 24808,
        "Profit": -60,
        "Profit before tax": 24748,
        "Present corporate income tax expenses": 2,
        "Deferred income taxes expenses": "N/A",
        "The interests of minority shareholders": "N/A",
        "Total Cost of profits": 2,
        "Profit after tax corporate income": 24746,
        "Volume": 6800000,
        "Close of Quarter": 28.5,
        "EPS": 8307.5,
        "Non-adjusted EPS": 9969,
        "PE": 2.9,
        "Book Price": 26.9
      }
    },
    {
      "quarter": "Q2 2015",
      "income status": {
        "Net sales": 183236,
        "Cost of goods sold": 146597,
        "Gross Profit": 36639,
        "Financial expenses": "N/A",
        "Of which: Interest expense": "N/A",
        "Cost of sales": 1326,
        "Enterprise cost management": 2068,
        "Total Operating Expenses": 3394,
        "Total revenue financing activities": 3146,
        "Net profit from business activities": 36390,
        "Profit": 798,
        "Profit before tax": 37188,
        "Present corporate income tax expenses": 1123,
        "Deferred income taxes expenses": "N/A",
        "The interests of minority shareholders": "N/A",
        "Total Cost of profits": 1123,
        "Profit after tax corporate income": 36065,
        "Volume": 6800000,
        "Close of Quarter": 18.5,
        "EPS": 5700.9,
        "Non-adjusted EPS": 6841,
        "PE": 2.7,
        "Book Price": 24.7
      }
    },
    {
      "quarter": "Q1 2015",
      "income status": {
        "Net sales": 207009,
        "Cost of goods sold": 186298,
        "Gross Profit": 20711,
        "Financial expenses": 128,
        "Of which: Interest expense": 128,
        "Cost of sales": 1407,
        "Enterprise cost management": 7547,
        "Total Operating Expenses": 9082,
        "Total revenue financing activities": 1905,
        "Net profit from business activities": 13534,
        "Profit": -4,
        "Profit before tax": 13530,
        "Present corporate income tax expenses": 1406,
        "Deferred income taxes expenses": "N/A",
        "The interests of minority shareholders": "N/A",
        "Total Cost of profits": 1406,
        "Profit after tax corporate income": 12124,
        "Volume": 6800000,
        "Close of Quarter": 19.4,
        "EPS": 2463.3,
        "Non-adjusted EPS": 2956,
        "PE": 6.6,
        "Book Price": 21.8
      }
    },
    {
      "quarter": "Q4 2014",
      "income status": {
        "Net sales": 66557,
        "Cost of goods sold": 71538,
        "Gross Profit": -4981,
        "Financial expenses": 659,
        "Of which: Interest expense": 659,
        "Cost of sales": 523,
        "Enterprise cost management": 6123,
        "Total Operating Expenses": 7305,
        "Total revenue financing activities": 1825,
        "Net profit from business activities": -10460,
        "Profit": 4991,
        "Profit before tax": -5469,
        "Present corporate income tax expenses": -321,
        "Deferred income taxes expenses": "N/A",
        "The interests of minority shareholders": "N/A",
        "Total Cost of profits": -321,
        "Profit after tax corporate income": -5148,
        "Volume": 6800000,
        "Close of Quarter": 20.2,
        "EPS": 2185,
        "Non-adjusted EPS": 2622,
        "PE": 7.7,
        "Book Price": 20.3
      }
    },
    {
      "quarter": "Q3 2014",
      "income status": {
        "Net sales": 42800,
        "Cost of goods sold": 36756,
        "Gross Profit": 6044,
        "Financial expenses": 379,
        "Of which: Interest expense": 379,
        "Cost of sales": 435,
        "Enterprise cost management": 1749,
        "Total Operating Expenses": 2563,
        "Total revenue financing activities": 127,
        "Net profit from business activities": 3608,
        "Profit": 849,
        "Profit before tax": 4457,
        "Present corporate income tax expenses": 980,
        "Deferred income taxes expenses": "N/A",
        "The interests of minority shareholders": "N/A",
        "Total Cost of profits": 980,
        "Profit after tax corporate income": 3476,
        "Volume": 6800000,
        "Close of Quarter": 16.7,
        "EPS": 2983.3,
        "Non-adjusted EPS": 3580,
        "PE": 4.7,
        "Book Price": 22.5
      }
    },
    {
      "quarter": "Q2 2014",
      "income status": {
        "Net sales": 126433,
        "Cost of goods sold": 111291,
        "Gross Profit": 15142,
        "Financial expenses": 605,
        "Of which: Interest expense": 590,
        "Cost of sales": 2399,
        "Enterprise cost management": 1705,
        "Total Operating Expenses": 4709,
        "Total revenue financing activities": 1456,
        "Net profit from business activities": 11889,
        "Profit": -20,
        "Profit before tax": 11869,
        "Present corporate income tax expenses": 2217,
        "Deferred income taxes expenses": "N/A",
        "The interests of minority shareholders": "N/A",
        "Total Cost of profits": 2217,
        "Profit after tax corporate income": 9652,
        "Volume": 6800000,
        "Close of Quarter": 18.1,
        "EPS": 3570.0,
        "Non-adjusted EPS": 4284,
        "PE": 4.2,
        "Book Price": 22.1
      }
    },
    {
      "quarter": "Q1 2014",
      "income status": {
        "Net sales": 175876,
        "Cost of goods sold": 156237,
        "Gross Profit": 19639,
        "Financial expenses": 605,
        "Of which: Interest expense": 605,
        "Cost of sales": 1622,
        "Enterprise cost management": 6973,
        "Total Operating Expenses": 9200,
        "Total revenue financing activities": 2333,
        "Net profit from business activities": 12772,
        "Profit": 357,
        "Profit before tax": 13129,
        "Present corporate income tax expenses": 3282,
        "Deferred income taxes expenses": "N/A",
        "The interests of minority shareholders": "N/A",
        "Total Cost of profits": 3282,
        "Profit after tax corporate income": 9847,
        "Volume": 6800000,
        "Close of Quarter": 16.3,
        "EPS": 5980.9,
        "Non-adjusted EPS": 7177,
        "PE": 2.3,
        "Book Price": 23.2
      }
    },
    {
      "quarter": "Q4 2013",
      "income status": {
        "Net sales": 63086,
        "Cost of goods sold": 58519,
        "Gross Profit": 4567,
        "Financial expenses": 483,
        "Of which: Interest expense": 483,
        "Cost of sales": 792,
        "Enterprise cost management": 4252,
        "Total Operating Expenses": 5527,
        "Total revenue financing activities": 2134,
        "Net profit from business activities": 1175,
        "Profit": 1070,
        "Profit before tax": 2245,
        "Present corporate income tax expenses": 879,
        "Deferred income taxes expenses": "N/A",
        "The interests of minority shareholders": "N/A",
        "Total Cost of profits": 879,
        "Profit after tax corporate income": 1366,
        "Volume": 6800000,
        "Close of Quarter": 15.2,
        "EPS": 6235.9,
        "Non-adjusted EPS": 7483,
        "PE": 2.0,
        "Book Price": 22.1
      }
    },
    {
      "quarter": "Q3 2013",
      "income status": {
        "Net sales": 54312,
        "Cost of goods sold": 41828,
        "Gross Profit": 12484,
        "Financial expenses": 10,
        "Of which: Interest expense": 10,
        "Cost of sales": 579,
        "Enterprise cost management": 1823,
        "Total Operating Expenses": 2412,
        "Total revenue financing activities": 524,
        "Net profit from business activities": 10595,
        "Profit": "N/A",
        "Profit before tax": 10595,
        "Present corporate income tax expenses": 2331,
        "Deferred income taxes expenses": "N/A",
        "The interests of minority shareholders": "N/A",
        "Total Cost of profits": 2331,
        "Profit after tax corporate income": 8264,
        "Volume": 6800000,
        "Close of Quarter": 12.4,
        "EPS": 6135.9,
        "Non-adjusted EPS": 7363,
        "PE": 1.7,
        "Book Price": 23.3
      }
    },
    {
      "quarter": "Q2 2013",
      "income status": {
        "Net sales": 278243,
        "Cost of goods sold": 235666,
        "Gross Profit": 42577,
        "Financial expenses": 82,
        "Of which: Interest expense": 82,
        "Cost of sales": 3158,
        "Enterprise cost management": 3015,
        "Total Operating Expenses": 6255,
        "Total revenue financing activities": 2471,
        "Net profit from business activities": 38794,
        "Profit": 309,
        "Profit before tax": 39103,
        "Present corporate income tax expenses": 9776,
        "Deferred income taxes expenses": "N/A",
        "The interests of minority shareholders": "N/A",
        "Total Cost of profits": 9776,
        "Profit after tax corporate income": 29327,
        "Volume": 6800000,
        "Close of Quarter": 13.5,
        "EPS": 5906.7,
        "Non-adjusted EPS": 7088,
        "PE": 1.9,
        "Book Price": 24.5
      }
    },
    {
      "quarter": "Q1 2013",
      "income status": {
        "Net sales": 179443,
        "Cost of goods sold": 148284,
        "Gross Profit": 31160,
        "Financial expenses": 760,
        "Of which: Interest expense": 760,
        "Cost of sales": 9286,
        "Enterprise cost management": 8493,
        "Total Operating Expenses": 18539,
        "Total revenue financing activities": 3279,
        "Net profit from business activities": 15899,
        "Profit": "N/A",
        "Profit before tax": 15899,
        "Present corporate income tax expenses": 3975,
        "Deferred income taxes expenses": "N/A",
        "The interests of minority shareholders": "N/A",
        "Total Cost of profits": 3975,
        "Profit after tax corporate income": 11924,
        "Volume": 6800000,
        "Close of Quarter": 13.4,
        "EPS": 2312.5,
        "Non-adjusted EPS": 2775,
        "PE": 4.8,
        "Book Price": 21
      }
    },
    {
      "quarter": "Q4 2012",
      "income status": {
        "Net sales": 48283,
        "Cost of goods sold": 42641,
        "Gross Profit": 5642,
        "Financial expenses": 54,
        "Of which: Interest expense": 54,
        "Cost of sales": 992,
        "Enterprise cost management": 8765,
        "Total Operating Expenses": 9811,
        "Total revenue financing activities": 1195,
        "Net profit from business activities": -2973,
        "Profit": 494,
        "Profit before tax": -2479,
        "Present corporate income tax expenses": -3032,
        "Deferred income taxes expenses": "N/A",
        "The interests of minority shareholders": "N/A",
        "Total Cost of profits": -3032,
        "Profit after tax corporate income": 552,
        "Volume": 6800000,
        "Close of Quarter": 13.4,
        "EPS": 851.7,
        "Non-adjusted EPS": 1022,
        "PE": 13.2,
        "Book Price": 19.3
      }
    },
    {
      "quarter": "Q3 2012",
      "income status": {
        "Net sales": 47045,
        "Cost of goods sold": 38890,
        "Gross Profit": 8155,
        "Financial expenses": "N/A",
        "Of which: Interest expense": "N/A",
        "Cost of sales": 1678,
        "Enterprise cost management": 1976,
        "Total Operating Expenses": 3654,
        "Total revenue financing activities": 1895,
        "Net profit from business activities": 6396,
        "Profit": "N/A",
        "Profit before tax": 6396,
        "Present corporate income tax expenses": "N/A",
        "Deferred income taxes expenses": "N/A",
        "The interests of minority shareholders": "N/A",
        "Total Cost of profits": 0,
        "Profit after tax corporate income": 6396,
        "Volume": 6800000,
        "Close of Quarter": "N/A",
        "EPS": 784.2,
        "Non-adjusted EPS": 941,
        "PE": "N/A",
        "Book Price": 20.7
      }
    }
  ]
}