{
  "ticker": "PNJ",
  "data": [
    {
      "quarter": "Q1 2017",
      "income status": {
        "Net sales": 3130971,
        "Cost of goods sold": 2580113,
        "Gross Profit": 550858,
        "Financial expenses": 19000,
        "Of which: Interest expense": 18285,
        "Cost of sales": 183222,
        "Enterprise cost management": 39340,
        "Total Operating Expenses": 241562,
        "Total revenue financing activities": 1945,
        "Net profit from business activities": 311241,
        "Profit": -165,
        "Profit before tax": 311075,
        "Present corporate income tax expenses": 62336,
        "Deferred income taxes expenses": "N/A",
        "The interests of minority shareholders": "N/A",
        "Total Cost of profits": 62336,
        "Profit after tax corporate income": 248739,
        "Volume": 98273868,
        "Close of Quarter": 75.1,
        "EPS": 5851,
        "Non-adjusted EPS": 5851,
        "PE": 12.8,
        "Book Price": 17.8
      }
    },
    {
      "quarter": "Q4 2016",
      "income status": {
        "Net sales": 2644266,
        "Cost of goods sold": 2263054,
        "Gross Profit": 381213,
        "Financial expenses": 39683,
        "Of which: Interest expense": 18022,
        "Cost of sales": 159034,
        "Enterprise cost management": 40892,
        "Total Operating Expenses": 239609,
        "Total revenue financing activities": 2982,
        "Net profit from business activities": 144584,
        "Profit": 414,
        "Profit before tax": 144999,
        "Present corporate income tax expenses": 49890,
        "Deferred income taxes expenses": 780,
        "The interests of minority shareholders": "N/A",
        "Total Cost of profits": 50670,
        "Profit after tax corporate income": 94329,
        "Volume": 98273868,
        "Close of Quarter": 65.9,
        "EPS": 4580,
        "Non-adjusted EPS": 4580,
        "PE": 14.4,
        "Book Price": 15.3
      }
    },
    {
      "quarter": "Q3 2016",
      "income status": {
        "Net sales": 1982118,
        "Cost of goods sold": 1664620,
        "Gross Profit": 317498,
        "Financial expenses": 17627,
        "Of which: Interest expense": 16936,
        "Cost of sales": 131161,
        "Enterprise cost management": 30625,
        "Total Operating Expenses": 179413,
        "Total revenue financing activities": 1178,
        "Net profit from business activities": 139263,
        "Profit": 153,
        "Profit before tax": 139416,
        "Present corporate income tax expenses": 28167,
        "Deferred income taxes expenses": "N/A",
        "The interests of minority shareholders": "N/A",
        "Total Cost of profits": 28167,
        "Profit after tax corporate income": 111249,
        "Volume": 98273868,
        "Close of Quarter": 73.3,
        "EPS": 3619,
        "Non-adjusted EPS": 3619,
        "PE": 20.3,
        "Book Price": 16.1
      }
    },
    {
      "quarter": "Q2 2016",
      "income status": {
        "Net sales": 1608184,
        "Cost of goods sold": 1316951,
        "Gross Profit": 291233,
        "Financial expenses": 17676,
        "Of which: Interest expense": 16918,
        "Cost of sales": 130987,
        "Enterprise cost management": 34362,
        "Total Operating Expenses": 183025,
        "Total revenue financing activities": 919,
        "Net profit from business activities": 108730,
        "Profit": 42353,
        "Profit before tax": 151083,
        "Present corporate income tax expenses": 30352,
        "Deferred income taxes expenses": "N/A",
        "The interests of minority shareholders": "N/A",
        "Total Cost of profits": 30352,
        "Profit after tax corporate income": 120731,
        "Volume": 98273868,
        "Close of Quarter": 75.2,
        "EPS": 2941,
        "Non-adjusted EPS": 2941,
        "PE": 25.6,
        "Book Price": 15
      }
    },
    {
      "quarter": "Q1 2016",
      "income status": {
        "Net sales": 2330022,
        "Cost of goods sold": 1908672,
        "Gross Profit": 421350,
        "Financial expenses": 106575,
        "Of which: Interest expense": 21319,
        "Cost of sales": 132440,
        "Enterprise cost management": 27402,
        "Total Operating Expenses": 266417,
        "Total revenue financing activities": 187,
        "Net profit from business activities": 154602,
        "Profit": 528,
        "Profit before tax": 155130,
        "Present corporate income tax expenses": 31329,
        "Deferred income taxes expenses": "N/A",
        "The interests of minority shareholders": "N/A",
        "Total Cost of profits": 31329,
        "Profit after tax corporate income": 123802,
        "Volume": 98273868,
        "Close of Quarter": 46.2,
        "EPS": 1653,
        "Non-adjusted EPS": 1653,
        "PE": 27.9,
        "Book Price": 14.9
      }
    },
    {
      "quarter": "Q4 2015",
      "income status": {
        "Net sales": 2011500,
        "Cost of goods sold": 1659344,
        "Gross Profit": 352157,
        "Financial expenses": 180995,
        "Of which: Interest expense": 21214,
        "Cost of sales": 130833,
        "Enterprise cost management": 40695,
        "Total Operating Expenses": 352523,
        "Total revenue financing activities": 538,
        "Net profit from business activities": -102,
        "Profit": 309,
        "Profit before tax": 207,
        "Present corporate income tax expenses": 27,
        "Deferred income taxes expenses": 317,
        "The interests of minority shareholders": "N/A",
        "Total Cost of profits": 344,
        "Profit after tax corporate income": -136,
        "Volume": 98273868,
        "Close of Quarter": 41.3,
        "EPS": 1558,
        "Non-adjusted EPS": 1558,
        "PE": 26.5,
        "Book Price": 14.2
      }
    },
    {
      "quarter": "Q3 2015",
      "income status": {
        "Net sales": 1795232,
        "Cost of goods sold": 1531900,
        "Gross Profit": 263332,
        "Financial expenses": 77369,
        "Of which: Interest expense": 23057,
        "Cost of sales": 102558,
        "Enterprise cost management": 26613,
        "Total Operating Expenses": 206540,
        "Total revenue financing activities": 294,
        "Net profit from business activities": 57335,
        "Profit": 127,
        "Profit before tax": 57461,
        "Present corporate income tax expenses": 12856,
        "Deferred income taxes expenses": "N/A",
        "The interests of minority shareholders": "N/A",
        "Total Cost of profits": 12856,
        "Profit after tax corporate income": 44606,
        "Volume": 98273868,
        "Close of Quarter": 31.0,
        "EPS": 2148,
        "Non-adjusted EPS": 2148,
        "PE": 14.4,
        "Book Price": 14.2
      }
    },
    {
      "quarter": "Q2 2015",
      "income status": {
        "Net sales": 1717843,
        "Cost of goods sold": 1457326,
        "Gross Profit": 260517,
        "Financial expenses": 154408,
        "Of which: Interest expense": 19651,
        "Cost of sales": 88585,
        "Enterprise cost management": 25928,
        "Total Operating Expenses": 268921,
        "Total revenue financing activities": 230,
        "Net profit from business activities": -7829,
        "Profit": 512,
        "Profit before tax": -7316,
        "Present corporate income tax expenses": -977,
        "Deferred income taxes expenses": -475,
        "The interests of minority shareholders": "N/A",
        "Total Cost of profits": -1452,
        "Profit after tax corporate income": -5864,
        "Volume": 75596326,
        "Close of Quarter": 37.1,
        "EPS": 2170.8,
        "Non-adjusted EPS": 2822,
        "PE": 13.2,
        "Book Price": 13
      }
    },
    {
      "quarter": "Q1 2015",
      "income status": {
        "Net sales": 2137063,
        "Cost of goods sold": 1842342,
        "Gross Profit": 294721,
        "Financial expenses": 18031,
        "Of which: Interest expense": 17126,
        "Cost of sales": 101306,
        "Enterprise cost management": 24176,
        "Total Operating Expenses": 143513,
        "Total revenue financing activities": 183,
        "Net profit from business activities": 151589,
        "Profit": -3557,
        "Profit before tax": 148032,
        "Present corporate income tax expenses": 33507,
        "Deferred income taxes expenses": "N/A",
        "The interests of minority shareholders": "N/A",
        "Total Cost of profits": 33507,
        "Profit after tax corporate income": 114525,
        "Volume": 75596326,
        "Close of Quarter": 31.5,
        "EPS": 2832.4,
        "Non-adjusted EPS": 3682,
        "PE": 8.6,
        "Book Price": 14.2
      }
    },
    {
      "quarter": "Q4 2014",
      "income status": {
        "Net sales": 1927444,
        "Cost of goods sold": 1695940,
        "Gross Profit": 231503,
        "Financial expenses": 21706,
        "Of which: Interest expense": 17416,
        "Cost of sales": 100066,
        "Enterprise cost management": 38719,
        "Total Operating Expenses": 160491,
        "Total revenue financing activities": 188,
        "Net profit from business activities": 72521,
        "Profit": 370,
        "Profit before tax": 72891,
        "Present corporate income tax expenses": 15292,
        "Deferred income taxes expenses": -220,
        "The interests of minority shareholders": "N/A",
        "Total Cost of profits": 15072,
        "Profit after tax corporate income": 57819,
        "Volume": 75596326,
        "Close of Quarter": 28.7,
        "EPS": 2467.0,
        "Non-adjusted EPS": 3207,
        "PE": 8.9,
        "Book Price": 13.2
      }
    },
    {
      "quarter": "Q3 2014",
      "income status": {
        "Net sales": 2347175,
        "Cost of goods sold": 2132415,
        "Gross Profit": 214760,
        "Financial expenses": 21894,
        "Of which: Interest expense": 21508,
        "Cost of sales": 88387,
        "Enterprise cost management": 29161,
        "Total Operating Expenses": 139442,
        "Total revenue financing activities": 1709,
        "Net profit from business activities": 77276,
        "Profit": 317,
        "Profit before tax": 77593,
        "Present corporate income tax expenses": 25811,
        "Deferred income taxes expenses": 229,
        "The interests of minority shareholders": 4700,
        "Total Cost of profits": 30740,
        "Profit after tax corporate income": 46853,
        "Volume": 75596326,
        "Close of Quarter": 24.9,
        "EPS": 2349.3,
        "Non-adjusted EPS": 3054,
        "PE": 8.2,
        "Book Price": 13.5
      }
    },
    {
      "quarter": "Q2 2014",
      "income status": {
        "Net sales": 2470908,
        "Cost of goods sold": 2270094,
        "Gross Profit": 200813,
        "Financial expenses": 24746,
        "Of which: Interest expense": 21016,
        "Cost of sales": 82855,
        "Enterprise cost management": 27445,
        "Total Operating Expenses": 135046,
        "Total revenue financing activities": 12258,
        "Net profit from business activities": 77409,
        "Profit": 190,
        "Profit before tax": 77599,
        "Present corporate income tax expenses": 14154,
        "Deferred income taxes expenses": -316,
        "The interests of minority shareholders": 4581,
        "Total Cost of profits": 18419,
        "Profit after tax corporate income": 59179,
        "Volume": 75596326,
        "Close of Quarter": 20.9,
        "EPS": 2203.9,
        "Non-adjusted EPS": 2865,
        "PE": 7.3,
        "Book Price": 14
      }
    },
    {
      "quarter": "Q1 2014",
      "income status": {
        "Net sales": 2453691,
        "Cost of goods sold": 2211533,
        "Gross Profit": 242159,
        "Financial expenses": 20242,
        "Of which: Interest expense": 19742,
        "Cost of sales": 83704,
        "Enterprise cost management": 34218,
        "Total Operating Expenses": 138164,
        "Total revenue financing activities": 2831,
        "Net profit from business activities": 106677,
        "Profit": 205,
        "Profit before tax": 106883,
        "Present corporate income tax expenses": 24185,
        "Deferred income taxes expenses": 13,
        "The interests of minority shareholders": 4095,
        "Total Cost of profits": 28293,
        "Profit after tax corporate income": 78589,
        "Volume": 75596326,
        "Close of Quarter": 20.7,
        "EPS": 1842.3,
        "Non-adjusted EPS": 2395,
        "PE": 8.7,
        "Book Price": 13.4
      }
    },
    {
      "quarter": "Q4 2013",
      "income status": {
        "Net sales": 2540913,
        "Cost of goods sold": 2336783,
        "Gross Profit": 204130,
        "Financial expenses": 21686,
        "Of which: Interest expense": 21192,
        "Cost of sales": 76262,
        "Enterprise cost management": 40203,
        "Total Operating Expenses": 138151,
        "Total revenue financing activities": 5302,
        "Net profit from business activities": 71281,
        "Profit": 1157,
        "Profit before tax": 73621,
        "Present corporate income tax expenses": 24680,
        "Deferred income taxes expenses": 58,
        "The interests of minority shareholders": 2600,
        "Total Cost of profits": 27338,
        "Profit after tax corporate income": 46283,
        "Volume": 75596326,
        "Close of Quarter": 19.9,
        "EPS": 1713.9,
        "Non-adjusted EPS": 2228,
        "PE": 8.9,
        "Book Price": 13.5
      }
    },
    {
      "quarter": "Q3 2013",
      "income status": {
        "Net sales": 2551708,
        "Cost of goods sold": 2398607,
        "Gross Profit": 153100,
        "Financial expenses": 21328,
        "Of which: Interest expense": 20853,
        "Cost of sales": 65319,
        "Enterprise cost management": 28657,
        "Total Operating Expenses": 115304,
        "Total revenue financing activities": 8712,
        "Net profit from business activities": 46508,
        "Profit": -195,
        "Profit before tax": 46696,
        "Present corporate income tax expenses": 10106,
        "Deferred income taxes expenses": 635,
        "The interests of minority shareholders": 3388,
        "Total Cost of profits": 14129,
        "Profit after tax corporate income": 32567,
        "Volume": 71997126,
        "Close of Quarter": 17.4,
        "EPS": 1540.7,
        "Non-adjusted EPS": 2103,
        "PE": 8.3,
        "Book Price": 12.6
      }
    },
    {
      "quarter": "Q2 2013",
      "income status": {
        "Net sales": 2049511,
        "Cost of goods sold": 1912855,
        "Gross Profit": 136656,
        "Financial expenses": 22305,
        "Of which: Interest expense": -38135,
        "Cost of sales": 64727,
        "Enterprise cost management": 22771,
        "Total Operating Expenses": 109803,
        "Total revenue financing activities": 707,
        "Net profit from business activities": 27561,
        "Profit": 185,
        "Profit before tax": 30530,
        "Present corporate income tax expenses": 7568,
        "Deferred income taxes expenses": -654,
        "The interests of minority shareholders": "N/A",
        "Total Cost of profits": 6914,
        "Profit after tax corporate income": 23616,
        "Volume": 71997126,
        "Close of Quarter": 17.6,
        "EPS": 2098.2,
        "Non-adjusted EPS": 2864,
        "PE": 6.1,
        "Book Price": 12.3
      }
    },
    {
      "quarter": "Q1 2013",
      "income status": {
        "Net sales": 1769122,
        "Cost of goods sold": 1592763,
        "Gross Profit": 176359,
        "Financial expenses": 19651,
        "Of which: Interest expense": 19616,
        "Cost of sales": 56746,
        "Enterprise cost management": 21272,
        "Total Operating Expenses": 97669,
        "Total revenue financing activities": 9076,
        "Net profit from business activities": 87766,
        "Profit": 59,
        "Profit before tax": 87971,
        "Present corporate income tax expenses": 22031,
        "Deferred income taxes expenses": "N/A",
        "The interests of minority shareholders": "N/A",
        "Total Cost of profits": 22031,
        "Profit after tax corporate income": 65940,
        "Volume": 71997126,
        "Close of Quarter": 17.6,
        "EPS": 2263.8,
        "Non-adjusted EPS": 3090,
        "PE": 5.7,
        "Book Price": 13.3
      }
    },
    {
      "quarter": "Q4 2012",
      "income status": {
        "Net sales": 1535945,
        "Cost of goods sold": 1423823,
        "Gross Profit": 112121,
        "Financial expenses": 10244,
        "Of which: Interest expense": 20649,
        "Cost of sales": 59283,
        "Enterprise cost management": 26729,
        "Total Operating Expenses": 96256,
        "Total revenue financing activities": 7563,
        "Net profit from business activities": 23428,
        "Profit": 4433,
        "Profit before tax": 33721,
        "Present corporate income tax expenses": 3630,
        "Deferred income taxes expenses": 810,
        "The interests of minority shareholders": "N/A",
        "Total Cost of profits": 4440,
        "Profit after tax corporate income": 29282,
        "Volume": 71997126,
        "Close of Quarter": 21.4,
        "EPS": 2543.7,
        "Non-adjusted EPS": 3472,
        "PE": 6.2,
        "Book Price": 12.7
      }
    },
    {
      "quarter": "Q3 2012",
      "income status": {
        "Net sales": 1518868,
        "Cost of goods sold": 1364096,
        "Gross Profit": 154773,
        "Financial expenses": 33909,
        "Of which: Interest expense": 23422,
        "Cost of sales": 55367,
        "Enterprise cost management": 17567,
        "Total Operating Expenses": 106843,
        "Total revenue financing activities": 60460,
        "Net profit from business activities": 108390,
        "Profit": 121,
        "Profit before tax": 109461,
        "Present corporate income tax expenses": 21970,
        "Deferred income taxes expenses": 128,
        "The interests of minority shareholders": "N/A",
        "Total Cost of profits": 22098,
        "Profit after tax corporate income": 87363,
        "Volume": 59998433,
        "Close of Quarter": 17.7,
        "EPS": 2741.3,
        "Non-adjusted EPS": 4490,
        "PE": 3.9,
        "Book Price": 12.4
      }
    },
    {
      "quarter": "Q2 2012",
      "income status": {
        "Net sales": 1626069,
        "Cost of goods sold": 1502075,
        "Gross Profit": 123994,
        "Financial expenses": 18196,
        "Of which: Interest expense": 28476,
        "Cost of sales": 79345,
        "Enterprise cost management": 23043,
        "Total Operating Expenses": 120584,
        "Total revenue financing activities": 24188,
        "Net profit from business activities": 27597,
        "Profit": 13552,
        "Profit before tax": 43466,
        "Present corporate income tax expenses": 3906,
        "Deferred income taxes expenses": -128,
        "The interests of minority shareholders": -231,
        "Total Cost of profits": 3547,
        "Profit after tax corporate income": 39919,
        "Volume": 59998433,
        "Close of Quarter": 22.6,
        "EPS": 2362.7,
        "Non-adjusted EPS": 3870,
        "PE": 5.8,
        "Book Price": 12.3
      }
    },
    {
      "quarter": "Q1 2012",
      "income status": {
        "Net sales": 2035889,
        "Cost of goods sold": 1829859,
        "Gross Profit": 206030,
        "Financial expenses": 29106,
        "Of which: Interest expense": 28951,
        "Cost of sales": 73964,
        "Enterprise cost management": 20959,
        "Total Operating Expenses": 124029,
        "Total revenue financing activities": 21865,
        "Net profit from business activities": 103865,
        "Profit": 12137,
        "Profit before tax": 117339,
        "Present corporate income tax expenses": 25119,
        "Deferred income taxes expenses": "N/A",
        "The interests of minority shareholders": -1185,
        "Total Cost of profits": 23934,
        "Profit after tax corporate income": 93405,
        "Volume": 59998433,
        "Close of Quarter": 19.4,
        "EPS": 2508.0,
        "Non-adjusted EPS": 4108,
        "PE": 4.7,
        "Book Price": 12.5
      }
    },
    {
      "quarter": "Q4 2011",
      "income status": {
        "Net sales": 3189192,
        "Cost of goods sold": 3005575,
        "Gross Profit": 183617,
        "Financial expenses": 32830,
        "Of which: Interest expense": 23892,
        "Cost of sales": 89429,
        "Enterprise cost management": 32093,
        "Total Operating Expenses": 154352,
        "Total revenue financing activities": 26669,
        "Net profit from business activities": 55933,
        "Profit": -432,
        "Profit before tax": 53695,
        "Present corporate income tax expenses": 5678,
        "Deferred income taxes expenses": "N/A",
        "The interests of minority shareholders": -658,
        "Total Cost of profits": 5020,
        "Profit after tax corporate income": 48676,
        "Volume": 59998433,
        "Close of Quarter": 20.0,
        "EPS": 2509.9,
        "Non-adjusted EPS": 4111,
        "PE": 4.9,
        "Book Price": 11.4
      }
    },
    {
      "quarter": "Q3 2011",
      "income status": {
        "Net sales": 6498272,
        "Cost of goods sold": 6301292,
        "Gross Profit": 196981,
        "Financial expenses": 42156,
        "Of which: Interest expense": 33215,
        "Cost of sales": 72888,
        "Enterprise cost management": 21780,
        "Total Operating Expenses": 136824,
        "Total revenue financing activities": 3944,
        "Net profit from business activities": 64101,
        "Profit": 3749,
        "Profit before tax": 254360,
        "Present corporate income tax expenses": 18768,
        "Deferred income taxes expenses": 96,
        "The interests of minority shareholders": 806,
        "Total Cost of profits": 19670,
        "Profit after tax corporate income": 50201,
        "Volume": 59998433,
        "Close of Quarter": 18.9,
        "EPS": 2363.3,
        "Non-adjusted EPS": 3871,
        "PE": 4.9,
        "Book Price": 11.5
      }
    },
    {
      "quarter": "Q2 2011",
      "income status": {
        "Net sales": 4542449,
        "Cost of goods sold": 4401803,
        "Gross Profit": 140646,
        "Financial expenses": 32363,
        "Of which: Interest expense": 28079,
        "Cost of sales": 59479,
        "Enterprise cost management": 19790,
        "Total Operating Expenses": 111632,
        "Total revenue financing activities": 25096,
        "Net profit from business activities": 54111,
        "Profit": 6707,
        "Profit before tax": 62437,
        "Present corporate income tax expenses": 8485,
        "Deferred income taxes expenses": -96,
        "The interests of minority shareholders": -171,
        "Total Cost of profits": 8218,
        "Profit after tax corporate income": 54219,
        "Volume": 59998433,
        "Close of Quarter": 12.8,
        "EPS": 2464.7,
        "Non-adjusted EPS": 4037,
        "PE": 3.2,
        "Book Price": 11.6
      }
    },
    {
      "quarter": "Q1 2011",
      "income status": {
        "Net sales": 3737233,
        "Cost of goods sold": 3512556,
        "Gross Profit": 224676,
        "Financial expenses": 20209,
        "Of which: Interest expense": 19743,
        "Cost of sales": 71010,
        "Enterprise cost management": 24218,
        "Total Operating Expenses": 115437,
        "Total revenue financing activities": 6897,
        "Net profit from business activities": 116136,
        "Profit": 3317,
        "Profit before tax": 122052,
        "Present corporate income tax expenses": 28182,
        "Deferred income taxes expenses": "N/A",
        "The interests of minority shareholders": 304,
        "Total Cost of profits": 28486,
        "Profit after tax corporate income": 93567,
        "Volume": 59998433,
        "Close of Quarter": 12.9,
        "EPS": 2568.5,
        "Non-adjusted EPS": 4207,
        "PE": 3.1,
        "Book Price": 11.5
      }
    },
    {
      "quarter": "Q4 2010",
      "income status": {
        "Net sales": 2781173,
        "Cost of goods sold": 2641461,
        "Gross Profit": 139712,
        "Financial expenses": 14644,
        "Of which: Interest expense": 14703,
        "Cost of sales": 88640,
        "Enterprise cost management": 28668,
        "Total Operating Expenses": 131952,
        "Total revenue financing activities": 22150,
        "Net profit from business activities": 29910,
        "Profit": 7251,
        "Profit before tax": 38868,
        "Present corporate income tax expenses": 5574,
        "Deferred income taxes expenses": 28,
        "The interests of minority shareholders": -1012,
        "Total Cost of profits": 4590,
        "Profit after tax corporate income": 34278,
        "Volume": 59998433,
        "Close of Quarter": 15.8,
        "EPS": 2246.1,
        "Non-adjusted EPS": 3679,
        "PE": 4.3,
        "Book Price": 10.6
      }
    },
    {
      "quarter": "Q3 2010",
      "income status": {
        "Net sales": 4769439,
        "Cost of goods sold": 4645948,
        "Gross Profit": 123491,
        "Financial expenses": 22567,
        "Of which: Interest expense": 16861,
        "Cost of sales": 45320,
        "Enterprise cost management": 17185,
        "Total Operating Expenses": 85072,
        "Total revenue financing activities": 11213,
        "Net profit from business activities": 49631,
        "Profit": 2964,
        "Profit before tax": 73370,
        "Present corporate income tax expenses": 13096,
        "Deferred income taxes expenses": 102,
        "The interests of minority shareholders": 37,
        "Total Cost of profits": 13235,
        "Profit after tax corporate income": 60135,
        "Volume": 59998433,
        "Close of Quarter": 15.1,
        "EPS": 2396.3,
        "Non-adjusted EPS": 3925,
        "PE": 3.9,
        "Book Price": 11.6
      }
    },
    {
      "quarter": "Q2 2010",
      "income status": {
        "Net sales": 4259176,
        "Cost of goods sold": 4125462,
        "Gross Profit": 133715,
        "Financial expenses": 17126,
        "Of which: Interest expense": 17507,
        "Cost of sales": 58894,
        "Enterprise cost management": 17358,
        "Total Operating Expenses": 93378,
        "Total revenue financing activities": 28222,
        "Net profit from business activities": 68559,
        "Profit": 9220,
        "Profit before tax": 78418,
        "Present corporate income tax expenses": 13076,
        "Deferred income taxes expenses": 588,
        "The interests of minority shareholders": 317,
        "Total Cost of profits": 13981,
        "Profit after tax corporate income": 64437,
        "Volume": 39999921,
        "Close of Quarter": 16.5,
        "EPS": 2191.4,
        "Non-adjusted EPS": 5384,
        "PE": 3.1,
        "Book Price": 11.0
      }
    },
    {
      "quarter": "Q1 2010",
      "income status": {
        "Net sales": 1942402,
        "Cost of goods sold": 1792289,
        "Gross Profit": 150113,
        "Financial expenses": 11423,
        "Of which: Interest expense": 9730,
        "Cost of sales": 50451,
        "Enterprise cost management": 18293,
        "Total Operating Expenses": 80167,
        "Total revenue financing activities": 8148,
        "Net profit from business activities": 78094,
        "Profit": 2503,
        "Profit before tax": 82341,
        "Present corporate income tax expenses": 20269,
        "Deferred income taxes expenses": "N/A",
        "The interests of minority shareholders": 194,
        "Total Cost of profits": 20463,
        "Profit after tax corporate income": 61878,
        "Volume": 39999921,
        "Close of Quarter": 16.5,
        "EPS": 1907.3,
        "Non-adjusted EPS": 4686,
        "PE": 3.5,
        "Book Price": 10.3
      }
    },
    {
      "quarter": "Q4 2009",
      "income status": {
        "Net sales": 2060976,
        "Cost of goods sold": 1940731,
        "Gross Profit": 120244,
        "Financial expenses": 44667,
        "Of which: Interest expense": "N/A",
        "Cost of sales": 50489,
        "Enterprise cost management": 17899,
        "Total Operating Expenses": 113055,
        "Total revenue financing activities": 54276,
        "Net profit from business activities": 61466,
        "Profit": 2846,
        "Profit before tax": 65305,
        "Present corporate income tax expenses": 11019,
        "Deferred income taxes expenses": -885,
        "The interests of minority shareholders": 6110,
        "Total Cost of profits": 16244,
        "Profit after tax corporate income": 49061,
        "Volume": 39999921,
        "Close of Quarter": 17.0,
        "EPS": 2024.5,
        "Non-adjusted EPS": 4974,
        "PE": 3.4,
        "Book Price": 10.3
      }
    },
    {
      "quarter": "Q3 2009",
      "income status": {
        "Net sales": 1301126,
        "Cost of goods sold": 1195386,
        "Gross Profit": 105740,
        "Financial expenses": 17101,
        "Of which: Interest expense": 7947,
        "Cost of sales": 37406,
        "Enterprise cost management": 15032,
        "Total Operating Expenses": 69539,
        "Total revenue financing activities": 11752,
        "Net profit from business activities": 47953,
        "Profit": 1791,
        "Profit before tax": 52832,
        "Present corporate income tax expenses": 9545,
        "Deferred income taxes expenses": 362,
        "The interests of minority shareholders": 2949,
        "Total Cost of profits": 12856,
        "Profit after tax corporate income": 39976,
        "Volume": 30000000,
        "Close of Quarter": 18.5,
        "EPS": 1950.1,
        "Non-adjusted EPS": 6388,
        "PE": 2.9,
        "Book Price": 10.2
      }
    },
    {
      "quarter": "Q2 2009",
      "income status": {
        "Net sales": 2144237,
        "Cost of goods sold": 2050072,
        "Gross Profit": 94165,
        "Financial expenses": 25585,
        "Of which: Interest expense": "N/A",
        "Cost of sales": 46138,
        "Enterprise cost management": 14187,
        "Total Operating Expenses": 85910,
        "Total revenue financing activities": 37922,
        "Net profit from business activities": 46177,
        "Profit": 3060,
        "Profit before tax": 49236,
        "Present corporate income tax expenses": 9742,
        "Deferred income taxes expenses": "N/A",
        "The interests of minority shareholders": 2970,
        "Total Cost of profits": 12712,
        "Profit after tax corporate income": 36524,
        "Volume": 30000000,
        "Close of Quarter": 14.4,
        "EPS": 1924.7,
        "Non-adjusted EPS": 6305,
        "PE": 2.3,
        "Book Price": 10.3
      }
    },
    {
      "quarter": "Q1 2009",
      "income status": {
        "Net sales": 4699453,
        "Cost of goods sold": 4525168,
        "Gross Profit": 174285,
        "Financial expenses": 17458,
        "Of which: Interest expense": 12941,
        "Cost of sales": 49568,
        "Enterprise cost management": 11232,
        "Total Operating Expenses": 78258,
        "Total revenue financing activities": 677,
        "Net profit from business activities": 96705,
        "Profit": 3530,
        "Profit before tax": 100235,
        "Present corporate income tax expenses": 24243,
        "Deferred income taxes expenses": "N/A",
        "The interests of minority shareholders": 2601,
        "Total Cost of profits": 26844,
        "Profit after tax corporate income": 73390,
        "Volume": 30000000,
        "Close of Quarter": 10.2,
        "EPS": 1688.1,
        "Non-adjusted EPS": 5530,
        "PE": 1.9,
        "Book Price": 10.0
      }
    },
    {
      "quarter": "Q4 2008",
      "income status": {
        "Net sales": 835657,
        "Cost of goods sold": 729710,
        "Gross Profit": 105947,
        "Financial expenses": 27972,
        "Of which: Interest expense": 8641,
        "Cost of sales": 39527,
        "Enterprise cost management": 15663,
        "Total Operating Expenses": 83162,
        "Total revenue financing activities": 24448,
        "Net profit from business activities": 47232,
        "Profit": 2907,
        "Profit before tax": 50139,
        "Present corporate income tax expenses": 6188,
        "Deferred income taxes expenses": "N/A",
        "The interests of minority shareholders": 2194,
        "Total Cost of profits": 8382,
        "Profit after tax corporate income": 41757,
        "Volume": 30000000,
        "Close of Quarter": 8.8,
        "EPS": 941.5,
        "Non-adjusted EPS": 3084,
        "PE": 2.9,
        "Book Price": 9.3
      }
    },
    {
      "quarter": "Q3 2008",
      "income status": {
        "Net sales": 1140936,
        "Cost of goods sold": 1062426,
        "Gross Profit": 78511,
        "Financial expenses": 21128,
        "Of which: Interest expense": 12186,
        "Cost of sales": 40245,
        "Enterprise cost management": 13470,
        "Total Operating Expenses": 74843,
        "Total revenue financing activities": 44861,
        "Net profit from business activities": 48529,
        "Profit": 3042,
        "Profit before tax": 51571,
        "Present corporate income tax expenses": 11590,
        "Deferred income taxes expenses": "N/A",
        "The interests of minority shareholders": 2503,
        "Total Cost of profits": 14093,
        "Profit after tax corporate income": 37478,
        "Volume": 30000000,
        "Close of Quarter": 9.8,
        "EPS": 516.5,
        "Non-adjusted EPS": 1692,
        "PE": 5.8,
        "Book Price": 9.5
      }
    },
    {
      "quarter": "Q2 2008",
      "income status": {
        "Net sales": 1127621,
        "Cost of goods sold": 1056280,
        "Gross Profit": 71340,
        "Financial expenses": 25932,
        "Of which: Interest expense": "N/A",
        "Cost of sales": 29201,
        "Enterprise cost management": 9795,
        "Total Operating Expenses": 64928,
        "Total revenue financing activities": 7954,
        "Net profit from business activities": 14364,
        "Profit": "N/A",
        "Profit before tax": 16666,
        "Present corporate income tax expenses": 3392,
        "Deferred income taxes expenses": "N/A",
        "The interests of minority shareholders": 1,
        "Total Cost of profits": 3393,
        "Profit after tax corporate income": 13272,
        "Volume": 30000000,
        "Close of Quarter": 7.9,
        "EPS": 134.9,
        "Non-adjusted EPS": 442,
        "PE": 17.9,
        "Book Price": "N/A"
      }
    }
  ]
}