{
  "ticker": "SRC",
  "data": [
    {
      "quarter": "Q1 2017",
      "income status": {
        "Net sales": 211148,
        "Cost of goods sold": 169210,
        "Gross Profit": 41938,
        "Financial expenses": 2814,
        "Of which: Interest expense": 1867,
        "Cost of sales": 9909,
        "Enterprise cost management": 14043,
        "Total Operating Expenses": 26766,
        "Total revenue financing activities": 449,
        "Net profit from business activities": 15621,
        "Profit": 90,
        "Profit before tax": 15711,
        "Present corporate income tax expenses": 3142,
        "Deferred income taxes expenses": "N/A",
        "The interests of minority shareholders": "N/A",
        "Total Cost of profits": 3142,
        "Profit after tax corporate income": 12569,
        "Volume": 28065765,
        "Close of Quarter": 16.4,
        "EPS": 2263,
        "Non-adjusted EPS": 2263,
        "PE": 7.3,
        "Book Price": 12.7
      }
    },
    {
      "quarter": "Q4 2016",
      "income status": {
        "Net sales": 247709,
        "Cost of goods sold": 205556,
        "Gross Profit": 42153,
        "Financial expenses": 5108,
        "Of which: Interest expense": 3880,
        "Cost of sales": 4855,
        "Enterprise cost management": 15792,
        "Total Operating Expenses": 25755,
        "Total revenue financing activities": 612,
        "Net profit from business activities": 17010,
        "Profit": 1828,
        "Profit before tax": 18838,
        "Present corporate income tax expenses": 3768,
        "Deferred income taxes expenses": "N/A",
        "The interests of minority shareholders": "N/A",
        "Total Cost of profits": 3768,
        "Profit after tax corporate income": 15070,
        "Volume": 28065765,
        "Close of Quarter": 16.8,
        "EPS": 2427,
        "Non-adjusted EPS": 2427,
        "PE": 6.9,
        "Book Price": 12.3
      }
    },
    {
      "quarter": "Q3 2016",
      "income status": {
        "Net sales": 221232,
        "Cost of goods sold": 178201,
        "Gross Profit": 43031,
        "Financial expenses": 2611,
        "Of which: Interest expense": 1710,
        "Cost of sales": 7861,
        "Enterprise cost management": 14267,
        "Total Operating Expenses": 24739,
        "Total revenue financing activities": 537,
        "Net profit from business activities": 18828,
        "Profit": 2,
        "Profit before tax": 18831,
        "Present corporate income tax expenses": 3766,
        "Deferred income taxes expenses": "N/A",
        "The interests of minority shareholders": "N/A",
        "Total Cost of profits": 3766,
        "Profit after tax corporate income": 15065,
        "Volume": 20047415,
        "Close of Quarter": 23.9,
        "EPS": 2328.6,
        "Non-adjusted EPS": 3260,
        "PE": 7.3,
        "Book Price": 13
      }
    },
    {
      "quarter": "Q2 2016",
      "income status": {
        "Net sales": 241164,
        "Cost of goods sold": 187354,
        "Gross Profit": 53809,
        "Financial expenses": 3052,
        "Of which: Interest expense": 1773,
        "Cost of sales": 12122,
        "Enterprise cost management": 13098,
        "Total Operating Expenses": 28272,
        "Total revenue financing activities": 365,
        "Net profit from business activities": 25903,
        "Profit": 118,
        "Profit before tax": 26022,
        "Present corporate income tax expenses": 5204,
        "Deferred income taxes expenses": "N/A",
        "The interests of minority shareholders": "N/A",
        "Total Cost of profits": 5204,
        "Profit after tax corporate income": 20817,
        "Volume": 20047415,
        "Close of Quarter": 21.6,
        "EPS": 2684.3,
        "Non-adjusted EPS": 3758,
        "PE": 5.8,
        "Book Price": 12.4
      }
    },
    {
      "quarter": "Q1 2016",
      "income status": {
        "Net sales": 198950,
        "Cost of goods sold": 156700,
        "Gross Profit": 42249,
        "Financial expenses": 2303,
        "Of which: Interest expense": 1919,
        "Cost of sales": 8799,
        "Enterprise cost management": 10185,
        "Total Operating Expenses": 21287,
        "Total revenue financing activities": 483,
        "Net profit from business activities": 21446,
        "Profit": 15,
        "Profit before tax": 21461,
        "Present corporate income tax expenses": 4292,
        "Deferred income taxes expenses": "N/A",
        "The interests of minority shareholders": "N/A",
        "Total Cost of profits": 4292,
        "Profit after tax corporate income": 17169,
        "Volume": 20047415,
        "Close of Quarter": 20.7,
        "EPS": 2904.4,
        "Non-adjusted EPS": 4066,
        "PE": 5.1,
        "Book Price": 12.4
      }
    },
    {
      "quarter": "Q4 2015",
      "income status": {
        "Net sales": 230194,
        "Cost of goods sold": 194510,
        "Gross Profit": 35683,
        "Financial expenses": 2691,
        "Of which: Interest expense": 1440,
        "Cost of sales": -2135,
        "Enterprise cost management": 19944,
        "Total Operating Expenses": 20500,
        "Total revenue financing activities": 443,
        "Net profit from business activities": 15627,
        "Profit": 148,
        "Profit before tax": 15775,
        "Present corporate income tax expenses": 3470,
        "Deferred income taxes expenses": "N/A",
        "The interests of minority shareholders": "N/A",
        "Total Cost of profits": 3470,
        "Profit after tax corporate income": 12304,
        "Volume": 20047415,
        "Close of Quarter": 21.7,
        "EPS": 2662.9,
        "Non-adjusted EPS": 3728,
        "PE": 5.8,
        "Book Price": 11.9
      }
    },
    {
      "quarter": "Q3 2015",
      "income status": {
        "Net sales": 263414,
        "Cost of goods sold": 206163,
        "Gross Profit": 57251,
        "Financial expenses": 2031,
        "Of which: Interest expense": 963,
        "Cost of sales": 8548,
        "Enterprise cost management": 14894,
        "Total Operating Expenses": 25473,
        "Total revenue financing activities": 851,
        "Net profit from business activities": 32629,
        "Profit": -526,
        "Profit before tax": 32103,
        "Present corporate income tax expenses": 7063,
        "Deferred income taxes expenses": "N/A",
        "The interests of minority shareholders": "N/A",
        "Total Cost of profits": 7063,
        "Profit after tax corporate income": 25041,
        "Volume": 20047415,
        "Close of Quarter": 15.8,
        "EPS": 2548.6,
        "Non-adjusted EPS": 3568,
        "PE": 4.4,
        "Book Price": 12.5
      }
    },
    {
      "quarter": "Q2 2015",
      "income status": {
        "Net sales": 270322,
        "Cost of goods sold": 209663,
        "Gross Profit": 60659,
        "Financial expenses": 3043,
        "Of which: Interest expense": 1410,
        "Cost of sales": 7770,
        "Enterprise cost management": 15495,
        "Total Operating Expenses": 26308,
        "Total revenue financing activities": 446,
        "Net profit from business activities": 34798,
        "Profit": -194,
        "Profit before tax": 34603,
        "Present corporate income tax expenses": 7613,
        "Deferred income taxes expenses": "N/A",
        "The interests of minority shareholders": "N/A",
        "Total Cost of profits": 7613,
        "Profit after tax corporate income": 26991,
        "Volume": 18224994,
        "Close of Quarter": 15.3,
        "EPS": 2461.1,
        "Non-adjusted EPS": 3790,
        "PE": 4.0,
        "Book Price": 11.6
      }
    },
    {
      "quarter": "Q1 2015",
      "income status": {
        "Net sales": 196333,
        "Cost of goods sold": 163610,
        "Gross Profit": 32723,
        "Financial expenses": 2186,
        "Of which: Interest expense": 1180,
        "Cost of sales": 5985,
        "Enterprise cost management": 11636,
        "Total Operating Expenses": 19807,
        "Total revenue financing activities": 205,
        "Net profit from business activities": 13123,
        "Profit": 200,
        "Profit before tax": 13323,
        "Present corporate income tax expenses": 2931,
        "Deferred income taxes expenses": "N/A",
        "The interests of minority shareholders": "N/A",
        "Total Cost of profits": 2931,
        "Profit after tax corporate income": 10392,
        "Volume": 18224994,
        "Close of Quarter": 16.6,
        "EPS": 2175.4,
        "Non-adjusted EPS": 3350,
        "PE": 5.0,
        "Book Price": 11.8
      }
    },
    {
      "quarter": "Q4 2014",
      "income status": {
        "Net sales": 256056,
        "Cost of goods sold": 211400,
        "Gross Profit": 44656,
        "Financial expenses": 3126,
        "Of which: Interest expense": 1549,
        "Cost of sales": 10003,
        "Enterprise cost management": 20175,
        "Total Operating Expenses": 33304,
        "Total revenue financing activities": 188,
        "Net profit from business activities": 11540,
        "Profit": 144,
        "Profit before tax": 11684,
        "Present corporate income tax expenses": 2571,
        "Deferred income taxes expenses": "N/A",
        "The interests of minority shareholders": "N/A",
        "Total Cost of profits": 2571,
        "Profit after tax corporate income": 9114,
        "Volume": 18224994,
        "Close of Quarter": 17.9,
        "EPS": 2447.5,
        "Non-adjusted EPS": 3769,
        "PE": 4.8,
        "Book Price": 11.4
      }
    },
    {
      "quarter": "Q3 2014",
      "income status": {
        "Net sales": 259842,
        "Cost of goods sold": 205152,
        "Gross Profit": 54690,
        "Financial expenses": 3389,
        "Of which: Interest expense": 2151,
        "Cost of sales": 9167,
        "Enterprise cost management": 13569,
        "Total Operating Expenses": 26125,
        "Total revenue financing activities": 252,
        "Net profit from business activities": 28818,
        "Profit": 136,
        "Profit before tax": 28954,
        "Present corporate income tax expenses": 6370,
        "Deferred income taxes expenses": "N/A",
        "The interests of minority shareholders": "N/A",
        "Total Cost of profits": 6370,
        "Profit after tax corporate income": 22584,
        "Volume": 18224994,
        "Close of Quarter": 15.8,
        "EPS": 2618.3,
        "Non-adjusted EPS": 4032,
        "PE": 3.9,
        "Book Price": 11.1
      }
    },
    {
      "quarter": "Q2 2014",
      "income status": {
        "Net sales": 269430,
        "Cost of goods sold": 217416,
        "Gross Profit": 52014,
        "Financial expenses": 4387,
        "Of which: Interest expense": 2053,
        "Cost of sales": 11484,
        "Enterprise cost management": 12510,
        "Total Operating Expenses": 28381,
        "Total revenue financing activities": 274,
        "Net profit from business activities": 23906,
        "Profit": 395,
        "Profit before tax": 24301,
        "Present corporate income tax expenses": 5346,
        "Deferred income taxes expenses": "N/A",
        "The interests of minority shareholders": "N/A",
        "Total Cost of profits": 5346,
        "Profit after tax corporate income": 18955,
        "Volume": 18224994,
        "Close of Quarter": 11.4,
        "EPS": 2340.3,
        "Non-adjusted EPS": 3604,
        "PE": 3.2,
        "Book Price": 10.3
      }
    },
    {
      "quarter": "Q1 2014",
      "income status": {
        "Net sales": 207955,
        "Cost of goods sold": 167833,
        "Gross Profit": 40122,
        "Financial expenses": 3684,
        "Of which: Interest expense": 2665,
        "Cost of sales": 3955,
        "Enterprise cost management": 9757,
        "Total Operating Expenses": 17396,
        "Total revenue financing activities": 298,
        "Net profit from business activities": 23023,
        "Profit": 112,
        "Profit before tax": 23135,
        "Present corporate income tax expenses": 5090,
        "Deferred income taxes expenses": "N/A",
        "The interests of minority shareholders": "N/A",
        "Total Cost of profits": 5090,
        "Profit after tax corporate income": 18045,
        "Volume": 18224994,
        "Close of Quarter": 12.0,
        "EPS": 2318.9,
        "Non-adjusted EPS": 3571,
        "PE": 3.4,
        "Book Price": 11.1
      }
    },
    {
      "quarter": "Q4 2013",
      "income status": {
        "Net sales": 245006,
        "Cost of goods sold": 194936,
        "Gross Profit": 50070,
        "Financial expenses": 4200,
        "Of which: Interest expense": 2897,
        "Cost of sales": 8571,
        "Enterprise cost management": 19172,
        "Total Operating Expenses": 31943,
        "Total revenue financing activities": 300,
        "Net profit from business activities": 18428,
        "Profit": 97,
        "Profit before tax": 18525,
        "Present corporate income tax expenses": 4631,
        "Deferred income taxes expenses": "N/A",
        "The interests of minority shareholders": "N/A",
        "Total Cost of profits": 4631,
        "Profit after tax corporate income": 13894,
        "Volume": 18224994,
        "Close of Quarter": 9.4,
        "EPS": 2331.2,
        "Non-adjusted EPS": 3590,
        "PE": 2.6,
        "Book Price": 10.5
      }
    },
    {
      "quarter": "Q3 2013",
      "income status": {
        "Net sales": 253583,
        "Cost of goods sold": 209299,
        "Gross Profit": 44284,
        "Financial expenses": 4976,
        "Of which: Interest expense": 3766,
        "Cost of sales": 8341,
        "Enterprise cost management": 11634,
        "Total Operating Expenses": 24951,
        "Total revenue financing activities": 299,
        "Net profit from business activities": 19633,
        "Profit": 88,
        "Profit before tax": 19721,
        "Present corporate income tax expenses": 4930,
        "Deferred income taxes expenses": "N/A",
        "The interests of minority shareholders": "N/A",
        "Total Cost of profits": 4930,
        "Profit after tax corporate income": 14791,
        "Volume": 18224994,
        "Close of Quarter": 9.0,
        "EPS": 2211.1,
        "Non-adjusted EPS": 3405,
        "PE": 2.6,
        "Book Price": 10.1
      }
    },
    {
      "quarter": "Q2 2013",
      "income status": {
        "Net sales": 255115,
        "Cost of goods sold": 204053,
        "Gross Profit": 51062,
        "Financial expenses": 7472,
        "Of which: Interest expense": 4355,
        "Cost of sales": 5860,
        "Enterprise cost management": 13616,
        "Total Operating Expenses": 26948,
        "Total revenue financing activities": 291,
        "Net profit from business activities": 24405,
        "Profit": 62,
        "Profit before tax": 24467,
        "Present corporate income tax expenses": 6117,
        "Deferred income taxes expenses": "N/A",
        "The interests of minority shareholders": "N/A",
        "Total Cost of profits": 6117,
        "Profit after tax corporate income": 18350,
        "Volume": 16200000,
        "Close of Quarter": 8.8,
        "EPS": 2222.3,
        "Non-adjusted EPS": 3850,
        "PE": 2.3,
        "Book Price": 9.5
      }
    },
    {
      "quarter": "Q1 2013",
      "income status": {
        "Net sales": 228445,
        "Cost of goods sold": 183073,
        "Gross Profit": 45372,
        "Financial expenses": 6183,
        "Of which: Interest expense": 5151,
        "Cost of sales": 4240,
        "Enterprise cost management": 10737,
        "Total Operating Expenses": 21160,
        "Total revenue financing activities": 190,
        "Net profit from business activities": 24401,
        "Profit": 132,
        "Profit before tax": 24533,
        "Present corporate income tax expenses": 6133,
        "Deferred income taxes expenses": "N/A",
        "The interests of minority shareholders": "N/A",
        "Total Cost of profits": 6133,
        "Profit after tax corporate income": 18400,
        "Volume": 16200000,
        "Close of Quarter": 6.3,
        "EPS": 1933.1,
        "Non-adjusted EPS": 3349,
        "PE": 1.9,
        "Book Price": 9.6
      }
    },
    {
      "quarter": "Q4 2012",
      "income status": {
        "Net sales": 246359,
        "Cost of goods sold": 207203,
        "Gross Profit": 39157,
        "Financial expenses": 7914,
        "Of which: Interest expense": 7230,
        "Cost of sales": 2523,
        "Enterprise cost management": 15081,
        "Total Operating Expenses": 25518,
        "Total revenue financing activities": 198,
        "Net profit from business activities": 13837,
        "Profit": 190,
        "Profit before tax": 14027,
        "Present corporate income tax expenses": 3507,
        "Deferred income taxes expenses": "N/A",
        "The interests of minority shareholders": "N/A",
        "Total Cost of profits": 3507,
        "Profit after tax corporate income": 10520,
        "Volume": 16200000,
        "Close of Quarter": 5.8,
        "EPS": 1615.6,
        "Non-adjusted EPS": 2799,
        "PE": 2.1,
        "Book Price": 9.0
      }
    },
    {
      "quarter": "Q3 2012",
      "income status": {
        "Net sales": 265921,
        "Cost of goods sold": 218895,
        "Gross Profit": 47026,
        "Financial expenses": 8320,
        "Of which: Interest expense": 8222,
        "Cost of sales": 6396,
        "Enterprise cost management": 12477,
        "Total Operating Expenses": 27193,
        "Total revenue financing activities": 197,
        "Net profit from business activities": 20031,
        "Profit": 95,
        "Profit before tax": 20125,
        "Present corporate income tax expenses": 5031,
        "Deferred income taxes expenses": "N/A",
        "The interests of minority shareholders": "N/A",
        "Total Cost of profits": 5031,
        "Profit after tax corporate income": 15094,
        "Volume": 16200000,
        "Close of Quarter": 5.4,
        "EPS": 1412.5,
        "Non-adjusted EPS": 2447,
        "PE": 2.2,
        "Book Price": 8.6
      }
    },
    {
      "quarter": "Q2 2012",
      "income status": {
        "Net sales": 279415,
        "Cost of goods sold": 238020,
        "Gross Profit": 41395,
        "Financial expenses": 11118,
        "Of which: Interest expense": 10970,
        "Cost of sales": 8975,
        "Enterprise cost management": 8130,
        "Total Operating Expenses": 28223,
        "Total revenue financing activities": 203,
        "Net profit from business activities": 13376,
        "Profit": 287,
        "Profit before tax": 13662,
        "Present corporate income tax expenses": -3163,
        "Deferred income taxes expenses": 6579,
        "The interests of minority shareholders": "N/A",
        "Total Cost of profits": 3416,
        "Profit after tax corporate income": 10247,
        "Volume": 16200000,
        "Close of Quarter": 6.8,
        "EPS": 1066.1,
        "Non-adjusted EPS": 1847,
        "PE": 3.7,
        "Book Price": 8.1
      }
    },
    {
      "quarter": "Q1 2012",
      "income status": {
        "Net sales": 296517,
        "Cost of goods sold": 252427,
        "Gross Profit": 44090,
        "Financial expenses": 15337,
        "Of which: Interest expense": 13974,
        "Cost of sales": 6792,
        "Enterprise cost management": 9594,
        "Total Operating Expenses": 31723,
        "Total revenue financing activities": 196,
        "Net profit from business activities": 12562,
        "Profit": 89,
        "Profit before tax": 12652,
        "Present corporate income tax expenses": 3163,
        "Deferred income taxes expenses": "N/A",
        "The interests of minority shareholders": "N/A",
        "Total Cost of profits": 3163,
        "Profit after tax corporate income": 9489,
        "Volume": 16200000,
        "Close of Quarter": 3.6,
        "EPS": 773.5,
        "Non-adjusted EPS": 1340,
        "PE": 2.7,
        "Book Price": 8.0
      }
    },
    {
      "quarter": "Q4 2011",
      "income status": {
        "Net sales": 293131,
        "Cost of goods sold": 261806,
        "Gross Profit": 31325,
        "Financial expenses": 15098,
        "Of which: Interest expense": 14771,
        "Cost of sales": 3879,
        "Enterprise cost management": 6947,
        "Total Operating Expenses": 25924,
        "Total revenue financing activities": 211,
        "Net profit from business activities": 5612,
        "Profit": 146,
        "Profit before tax": 5758,
        "Present corporate income tax expenses": 948,
        "Deferred income taxes expenses": "N/A",
        "The interests of minority shareholders": "N/A",
        "Total Cost of profits": 948,
        "Profit after tax corporate income": 4809,
        "Volume": 16200000,
        "Close of Quarter": 2.4,
        "EPS": 475.1,
        "Non-adjusted EPS": 823,
        "PE": 2.9,
        "Book Price": 7.6
      }
    },
    {
      "quarter": "Q3 2011",
      "income status": {
        "Net sales": 318290,
        "Cost of goods sold": 287359,
        "Gross Profit": 30930,
        "Financial expenses": 11959,
        "Of which: Interest expense": 11563,
        "Cost of sales": 5393,
        "Enterprise cost management": 8959,
        "Total Operating Expenses": 26311,
        "Total revenue financing activities": 233,
        "Net profit from business activities": 4853,
        "Profit": 527,
        "Profit before tax": 5380,
        "Present corporate income tax expenses": "N/A",
        "Deferred income taxes expenses": "N/A",
        "The interests of minority shareholders": "N/A",
        "Total Cost of profits": 0,
        "Profit after tax corporate income": 5380,
        "Volume": 16200000,
        "Close of Quarter": 4.9,
        "EPS": 353.3,
        "Non-adjusted EPS": 612,
        "PE": 8.0,
        "Book Price": 7.5
      }
    },
    {
      "quarter": "Q2 2011",
      "income status": {
        "Net sales": 294952,
        "Cost of goods sold": 268909,
        "Gross Profit": 26044,
        "Financial expenses": 10492,
        "Of which: Interest expense": 7707,
        "Cost of sales": 6831,
        "Enterprise cost management": 7093,
        "Total Operating Expenses": 24416,
        "Total revenue financing activities": 461,
        "Net profit from business activities": 2088,
        "Profit": 233,
        "Profit before tax": 2321,
        "Present corporate income tax expenses": 290,
        "Deferred income taxes expenses": "N/A",
        "The interests of minority shareholders": "N/A",
        "Total Cost of profits": 290,
        "Profit after tax corporate income": 2031,
        "Volume": 16200000,
        "Close of Quarter": 6.2,
        "EPS": 386.2,
        "Non-adjusted EPS": 669,
        "PE": 9.2,
        "Book Price": 7.4
      }
    },
    {
      "quarter": "Q1 2011",
      "income status": {
        "Net sales": 304295,
        "Cost of goods sold": 281868,
        "Gross Profit": 22427,
        "Financial expenses": 11103,
        "Of which: Interest expense": 9403,
        "Cost of sales": 2067,
        "Enterprise cost management": 8281,
        "Total Operating Expenses": 21451,
        "Total revenue financing activities": 318,
        "Net profit from business activities": 1293,
        "Profit": 201,
        "Profit before tax": 1494,
        "Present corporate income tax expenses": 373,
        "Deferred income taxes expenses": "N/A",
        "The interests of minority shareholders": "N/A",
        "Total Cost of profits": 373,
        "Profit after tax corporate income": 1120,
        "Volume": 16200000,
        "Close of Quarter": 8.8,
        "EPS": 386.2,
        "Non-adjusted EPS": 669,
        "PE": 13.1,
        "Book Price": 8.5
      }
    },
    {
      "quarter": "Q4 2010",
      "income status": {
        "Net sales": 298174,
        "Cost of goods sold": 274119,
        "Gross Profit": 24054,
        "Financial expenses": 9796,
        "Of which: Interest expense": 7854,
        "Cost of sales": 6671,
        "Enterprise cost management": 7262,
        "Total Operating Expenses": 23729,
        "Total revenue financing activities": 476,
        "Net profit from business activities": 801,
        "Profit": 772,
        "Profit before tax": 1573,
        "Present corporate income tax expenses": 197,
        "Deferred income taxes expenses": "N/A",
        "The interests of minority shareholders": "N/A",
        "Total Cost of profits": 197,
        "Profit after tax corporate income": 1377,
        "Volume": 16200000,
        "Close of Quarter": 9.4,
        "EPS": 628.0,
        "Non-adjusted EPS": 1088,
        "PE": 8.7,
        "Book Price": 8.5
      }
    },
    {
      "quarter": "Q3 2010",
      "income status": {
        "Net sales": 307106,
        "Cost of goods sold": 272971,
        "Gross Profit": 34135,
        "Financial expenses": 11823,
        "Of which: Interest expense": 8523,
        "Cost of sales": 8796,
        "Enterprise cost management": 6629,
        "Total Operating Expenses": 27248,
        "Total revenue financing activities": 188,
        "Net profit from business activities": 7075,
        "Profit": 137,
        "Profit before tax": 7212,
        "Present corporate income tax expenses": 901,
        "Deferred income taxes expenses": "N/A",
        "The interests of minority shareholders": "N/A",
        "Total Cost of profits": 901,
        "Profit after tax corporate income": 6310,
        "Volume": 16200000,
        "Close of Quarter": 10.2,
        "EPS": 1426.9,
        "Non-adjusted EPS": 2472,
        "PE": 4.1,
        "Book Price": 8.5
      }
    },
    {
      "quarter": "Q2 2010",
      "income status": {
        "Net sales": 294483,
        "Cost of goods sold": 268440,
        "Gross Profit": 26044,
        "Financial expenses": 10492,
        "Of which: Interest expense": 7707,
        "Cost of sales": 6831,
        "Enterprise cost management": 7093,
        "Total Operating Expenses": 24416,
        "Total revenue financing activities": 461,
        "Net profit from business activities": 2088,
        "Profit": 233,
        "Profit before tax": 2321,
        "Present corporate income tax expenses": 290,
        "Deferred income taxes expenses": "N/A",
        "The interests of minority shareholders": "N/A",
        "Total Cost of profits": 290,
        "Profit after tax corporate income": 2031,
        "Volume": 16200000,
        "Close of Quarter": 14.1,
        "EPS": 2744.7,
        "Non-adjusted EPS": 4755,
        "PE": 3.0,
        "Book Price": 8.3
      }
    },
    {
      "quarter": "Q1 2010",
      "income status": {
        "Net sales": 251197,
        "Cost of goods sold": 225989,
        "Gross Profit": 25208,
        "Financial expenses": 7602,
        "Of which: Interest expense": 6202,
        "Cost of sales": 2854,
        "Enterprise cost management": 6525,
        "Total Operating Expenses": 16981,
        "Total revenue financing activities": 548,
        "Net profit from business activities": 8775,
        "Profit": 253,
        "Profit before tax": 9029,
        "Present corporate income tax expenses": 1129,
        "Deferred income taxes expenses": "N/A",
        "The interests of minority shareholders": "N/A",
        "Total Cost of profits": 1129,
        "Profit after tax corporate income": 7900,
        "Volume": 10800000,
        "Close of Quarter": 13.9,
        "EPS": 3800.4,
        "Non-adjusted EPS": 9876,
        "PE": 1.4,
        "Book Price": 8.2
      }
    },
    {
      "quarter": "Q4 2009",
      "income status": {
        "Net sales": 289560,
        "Cost of goods sold": 237938,
        "Gross Profit": 51622,
        "Financial expenses": 5736,
        "Of which: Interest expense": "N/A",
        "Cost of sales": 6821,
        "Enterprise cost management": 12927,
        "Total Operating Expenses": 25484,
        "Total revenue financing activities": 592,
        "Net profit from business activities": 26730,
        "Profit": 471,
        "Profit before tax": 27200,
        "Present corporate income tax expenses": 3400,
        "Deferred income taxes expenses": "N/A",
        "The interests of minority shareholders": "N/A",
        "Total Cost of profits": 3400,
        "Profit after tax corporate income": 23800,
        "Volume": 10800000,
        "Close of Quarter": 15.0,
        "EPS": 3656.9,
        "Non-adjusted EPS": 9503,
        "PE": 1.6,
        "Book Price": 8.6
      }
    },
    {
      "quarter": "Q3 2009",
      "income status": {
        "Net sales": 299835,
        "Cost of goods sold": 227569,
        "Gross Profit": 72266,
        "Financial expenses": 5334,
        "Of which: Interest expense": 4334,
        "Cost of sales": 9076,
        "Enterprise cost management": 8598,
        "Total Operating Expenses": 23008,
        "Total revenue financing activities": 227,
        "Net profit from business activities": 49485,
        "Profit": 53,
        "Profit before tax": 49538,
        "Present corporate income tax expenses": 6235,
        "Deferred income taxes expenses": "N/A",
        "The interests of minority shareholders": "N/A",
        "Total Cost of profits": 6235,
        "Profit after tax corporate income": 43302,
        "Volume": 10800000,
        "Close of Quarter": 3.2,
        "EPS": 2808.7,
        "Non-adjusted EPS": 7299,
        "PE": 0.4,
        "Book Price": 7.8
      }
    },
    {
      "quarter": "Q2 2009",
      "income status": {
        "Net sales": 301718,
        "Cost of goods sold": 243978,
        "Gross Profit": 57740,
        "Financial expenses": 6476,
        "Of which: Interest expense": 5326,
        "Cost of sales": 6579,
        "Enterprise cost management": 9207,
        "Total Operating Expenses": 22262,
        "Total revenue financing activities": 483,
        "Net profit from business activities": 35962,
        "Profit": 176,
        "Profit before tax": 36138,
        "Present corporate income tax expenses": 4474,
        "Deferred income taxes expenses": "N/A",
        "The interests of minority shareholders": "N/A",
        "Total Cost of profits": 4474,
        "Profit after tax corporate income": 31664,
        "Volume": 10800000,
        "Close of Quarter": 3.2,
        "EPS": 1266.0,
        "Non-adjusted EPS": 3290,
        "PE": 1.0,
        "Book Price": 6.3
      }
    },
    {
      "quarter": "Q1 2009",
      "income status": {
        "Net sales": 201916,
        "Cost of goods sold": 178587,
        "Gross Profit": 23329,
        "Financial expenses": 10229,
        "Of which: Interest expense": 8881,
        "Cost of sales": 4211,
        "Enterprise cost management": 4725,
        "Total Operating Expenses": 19165,
        "Total revenue financing activities": 129,
        "Net profit from business activities": 4293,
        "Profit": 126,
        "Profit before tax": 4420,
        "Present corporate income tax expenses": 552,
        "Deferred income taxes expenses": "N/A",
        "The interests of minority shareholders": "N/A",
        "Total Cost of profits": 552,
        "Profit after tax corporate income": 3867,
        "Volume": 10800000,
        "Close of Quarter": "N/A",
        "EPS": 137.8,
        "Non-adjusted EPS": 358,
        "PE": "N/A",
        "Book Price": 5.2
      }
    }
  ]
}