{
  "ticker": "TTB",
  "data": [
    {
      "quarter": "Q1 2017",
      "income status": {
        "Net sales": 89712,
        "Cost of goods sold": 74766,
        "Gross Profit": 14947,
        "Financial expenses": 2012,
        "Of which: Interest expense": 2012,
        "Cost of sales": 369,
        "Enterprise cost management": 1642,
        "Total Operating Expenses": 4023,
        "Total revenue financing activities": 5,
        "Net profit from business activities": 10929,
        "Profit": "N/A",
        "Profit before tax": 10929,
        "Present corporate income tax expenses": 2186,
        "Deferred income taxes expenses": "N/A",
        "The interests of minority shareholders": "N/A",
        "Total Cost of profits": 2186,
        "Profit after tax corporate income": 8743,
        "Volume": 38700000,
        "Close of Quarter": 7,
        "EPS": 759,
        "Non-adjusted EPS": 759,
        "PE": 9.2,
        "Book Price": 11.3
      }
    },
    {
      "quarter": "Q4 2016",
      "income status": {
        "Net sales": 45004,
        "Cost of goods sold": 39552,
        "Gross Profit": 5451,
        "Financial expenses": 1768,
        "Of which: Interest expense": 1768,
        "Cost of sales": 477,
        "Enterprise cost management": 1855,
        "Total Operating Expenses": 4100,
        "Total revenue financing activities": 8,
        "Net profit from business activities": 1358,
        "Profit": 244,
        "Profit before tax": 1602,
        "Present corporate income tax expenses": 320,
        "Deferred income taxes expenses": "N/A",
        "The interests of minority shareholders": "N/A",
        "Total Cost of profits": 320,
        "Profit after tax corporate income": 1282,
        "Volume": 38700000,
        "Close of Quarter": 6.3,
        "EPS": 777,
        "Non-adjusted EPS": 777,
        "PE": 8.1,
        "Book Price": 11
      }
    },
    {
      "quarter": "Q3 2016",
      "income status": {
        "Net sales": 85278,
        "Cost of goods sold": 69780,
        "Gross Profit": 15498,
        "Financial expenses": 1366,
        "Of which: Interest expense": 1366,
        "Cost of sales": 316,
        "Enterprise cost management": 2040,
        "Total Operating Expenses": 3722,
        "Total revenue financing activities": 1,
        "Net profit from business activities": 11776,
        "Profit": -8,
        "Profit before tax": 11767,
        "Present corporate income tax expenses": 2355,
        "Deferred income taxes expenses": "N/A",
        "The interests of minority shareholders": "N/A",
        "Total Cost of profits": 2355,
        "Profit after tax corporate income": 9412,
        "Volume": 19350000,
        "Close of Quarter": 5.7,
        "EPS": 819,
        "Non-adjusted EPS": 1638,
        "PE": 3.5,
        "Book Price": 6
      }
    },
    {
      "quarter": "Q2 2016",
      "income status": {
        "Net sales": 72253,
        "Cost of goods sold": 56696,
        "Gross Profit": 15557,
        "Financial expenses": 1454,
        "Of which: Interest expense": 1454,
        "Cost of sales": 310,
        "Enterprise cost management": 1710,
        "Total Operating Expenses": 3474,
        "Total revenue financing activities": 25,
        "Net profit from business activities": 12109,
        "Profit": 18,
        "Profit before tax": 12127,
        "Present corporate income tax expenses": 2184,
        "Deferred income taxes expenses": "N/A",
        "The interests of minority shareholders": "N/A",
        "Total Cost of profits": 2184,
        "Profit after tax corporate income": 9943,
        "Volume": 19350000,
        "Close of Quarter": 8.4,
        "EPS": 693.5,
        "Non-adjusted EPS": 1387,
        "PE": 6.1,
        "Book Price": 5.8
      }
    },
    {
      "quarter": "Q1 2016",
      "income status": {
        "Net sales": 98348,
        "Cost of goods sold": 83095,
        "Gross Profit": 15252,
        "Financial expenses": 1216,
        "Of which: Interest expense": 1216,
        "Cost of sales": 317,
        "Enterprise cost management": 1715,
        "Total Operating Expenses": 3248,
        "Total revenue financing activities": 87,
        "Net profit from business activities": 12091,
        "Profit": "N/A",
        "Profit before tax": 12091,
        "Present corporate income tax expenses": 2660,
        "Deferred income taxes expenses": "N/A",
        "The interests of minority shareholders": "N/A",
        "Total Cost of profits": 2660,
        "Profit after tax corporate income": 9431,
        "Volume": 14350000,
        "Close of Quarter": 10.6,
        "EPS": 529.5,
        "Non-adjusted EPS": 1428,
        "PE": 7.4,
        "Book Price": 4.4
      }
    },
    {
      "quarter": "Q4 2015",
      "income status": {
        "Net sales": 37966,
        "Cost of goods sold": 32502,
        "Gross Profit": 5464,
        "Financial expenses": 1120,
        "Of which: Interest expense": 1120,
        "Cost of sales": 199,
        "Enterprise cost management": 1339,
        "Total Operating Expenses": 2658,
        "Total revenue financing activities": 582,
        "Net profit from business activities": 3388,
        "Profit": 343,
        "Profit before tax": 3731,
        "Present corporate income tax expenses": 822,
        "Deferred income taxes expenses": "N/A",
        "The interests of minority shareholders": "N/A",
        "Total Cost of profits": 822,
        "Profit after tax corporate income": 2909,
        "Volume": 7350000,
        "Close of Quarter": 11.5,
        "EPS": 391.6,
        "Non-adjusted EPS": 2062,
        "PE": 5.6,
        "Book Price": 2.4
      }
    },
    {
      "quarter": "Q3 2015",
      "income status": {
        "Net sales": 40503,
        "Cost of goods sold": 31723,
        "Gross Profit": 8780,
        "Financial expenses": 1132,
        "Of which: Interest expense": 1132,
        "Cost of sales": 236,
        "Enterprise cost management": 1614,
        "Total Operating Expenses": 2982,
        "Total revenue financing activities": 52,
        "Net profit from business activities": 5851,
        "Profit": "N/A",
        "Profit before tax": 5851,
        "Present corporate income tax expenses": 1287,
        "Deferred income taxes expenses": "N/A",
        "The interests of minority shareholders": "N/A",
        "Total Cost of profits": 1287,
        "Profit after tax corporate income": 4563,
        "Volume": 7350000,
        "Close of Quarter": 10.6,
        "EPS": 370.9,
        "Non-adjusted EPS": 1953,
        "PE": 5.4,
        "Book Price": 2.4
      }
    },
    {
      "quarter": "Q2 2015",
      "income status": {
        "Net sales": 38496,
        "Cost of goods sold": 31238,
        "Gross Profit": 7258,
        "Financial expenses": 2278,
        "Of which: Interest expense": 2278,
        "Cost of sales": 56,
        "Enterprise cost management": 1157,
        "Total Operating Expenses": 3491,
        "Total revenue financing activities": 1272,
        "Net profit from business activities": 5040,
        "Profit": -350,
        "Profit before tax": 4691,
        "Present corporate income tax expenses": 1108,
        "Deferred income taxes expenses": "N/A",
        "The interests of minority shareholders": "N/A",
        "Total Cost of profits": 1108,
        "Profit after tax corporate income": 3582,
        "Volume": 7350000,
        "Close of Quarter": 11.2,
        "EPS": 490.2,
        "Non-adjusted EPS": 2581,
        "PE": 4.3,
        "Book Price": 1.5
      }
    },
    {
      "quarter": "Q1 2015",
      "income status": {
        "Net sales": 35771,
        "Cost of goods sold": 29282,
        "Gross Profit": 6488,
        "Financial expenses": 165,
        "Of which: Interest expense": 165,
        "Cost of sales": 285,
        "Enterprise cost management": 779,
        "Total Operating Expenses": 1229,
        "Total revenue financing activities": 1,
        "Net profit from business activities": 5260,
        "Profit": "N/A",
        "Profit before tax": 5260,
        "Present corporate income tax expenses": 1157,
        "Deferred income taxes expenses": "N/A",
        "The interests of minority shareholders": "N/A",
        "Total Cost of profits": 1157,
        "Profit after tax corporate income": 4103,
        "Volume": 3500000,
        "Close of Quarter": 12.3,
        "EPS": 433.8,
        "Non-adjusted EPS": 4797,
        "PE": 2.6,
        "Book Price": 1.4
      }
    },
    {
      "quarter": "Q4 2014",
      "income status": {
        "Net sales": 29954,
        "Cost of goods sold": 26473,
        "Gross Profit": 3481,
        "Financial expenses": 826,
        "Of which: Interest expense": 826,
        "Cost of sales": 191,
        "Enterprise cost management": 712,
        "Total Operating Expenses": 1729,
        "Total revenue financing activities": 1039,
        "Net profit from business activities": 2790,
        "Profit": -92,
        "Profit before tax": 2698,
        "Present corporate income tax expenses": 594,
        "Deferred income taxes expenses": "N/A",
        "The interests of minority shareholders": "N/A",
        "Total Cost of profits": 594,
        "Profit after tax corporate income": 2104,
        "Volume": 3500000,
        "Close of Quarter": "N/A",
        "EPS": 333.2,
        "Non-adjusted EPS": 3684,
        "PE": "N/A",
        "Book Price": 1.3
      }
    },
    {
      "quarter": "Q3 2014",
      "income status": {
        "Net sales": 23017,
        "Cost of goods sold": 10193,
        "Gross Profit": 12824,
        "Financial expenses": 1424,
        "Of which: Interest expense": 1424,
        "Cost of sales": 81,
        "Enterprise cost management": 218,
        "Total Operating Expenses": 1723,
        "Total revenue financing activities": 1,
        "Net profit from business activities": 11102,
        "Profit": "N/A",
        "Profit before tax": 11102,
        "Present corporate income tax expenses": 1924,
        "Deferred income taxes expenses": "N/A",
        "The interests of minority shareholders": "N/A",
        "Total Cost of profits": 1924,
        "Profit after tax corporate income": 9178,
        "Volume": 3500000,
        "Close of Quarter": "N/A",
        "EPS": 278.8,
        "Non-adjusted EPS": 3083,
        "PE": "N/A",
        "Book Price": "N/A"
      }
    },
    {
      "quarter": "Q2 2014",
      "income status": {
        "Net sales": 21065,
        "Cost of goods sold": 17758,
        "Gross Profit": 3307,
        "Financial expenses": 1480,
        "Of which: Interest expense": 1480,
        "Cost of sales": 109,
        "Enterprise cost management": 221,
        "Total Operating Expenses": 1810,
        "Total revenue financing activities": 332,
        "Net profit from business activities": 1830,
        "Profit": -30,
        "Profit before tax": 1800,
        "Present corporate income tax expenses": 396,
        "Deferred income taxes expenses": "N/A",
        "The interests of minority shareholders": "N/A",
        "Total Cost of profits": 396,
        "Profit after tax corporate income": 1404,
        "Volume": 3500000,
        "Close of Quarter": "N/A",
        "EPS": 41.6,
        "Non-adjusted EPS": 460,
        "PE": "N/A",
        "Book Price": "N/A"
      }
    },
    {
      "quarter": "Q1 2014",
      "income status": {
        "Net sales": 11108,
        "Cost of goods sold": 8819,
        "Gross Profit": 2289,
        "Financial expenses": 1480,
        "Of which: Interest expense": 1480,
        "Cost of sales": 101,
        "Enterprise cost management": 217,
        "Total Operating Expenses": 1798,
        "Total revenue financing activities": 332,
        "Net profit from business activities": 824,
        "Profit": -558,
        "Profit before tax": 265,
        "Present corporate income tax expenses": 58,
        "Deferred income taxes expenses": "N/A",
        "The interests of minority shareholders": "N/A",
        "Total Cost of profits": 58,
        "Profit after tax corporate income": 207,
        "Volume": 3500000,
        "Close of Quarter": "N/A",
        "EPS": 5.3,
        "Non-adjusted EPS": 59,
        "PE": "N/A",
        "Book Price": "N/A"
      }
    }
  ]
}