{
  "ticker": "HNM",
  "data": [
    {
      "quarter": "Q1 2017",
      "income status": {
        "Net sales": 35505,
        "Cost of goods sold": 23846,
        "Gross Profit": 11659,
        "Financial expenses": 1941,
        "Of which: Interest expense": 1941,
        "Cost of sales": 7534,
        "Enterprise cost management": 1884,
        "Total Operating Expenses": 11359,
        "Total revenue financing activities": 1,
        "Net profit from business activities": 301,
        "Profit": -38,
        "Profit before tax": 263,
        "Present corporate income tax expenses": 53,
        "Deferred income taxes expenses": "N/A",
        "The interests of minority shareholders": "N/A",
        "Total Cost of profits": 53,
        "Profit after tax corporate income": 210,
        "Volume": 20000000,
        "Close of Quarter": 6.4,
        "EPS": 55,
        "Non-adjusted EPS": 55,
        "PE": 116.4,
        "Book Price": 10.5
      }
    },
    {
      "quarter": "Q4 2016",
      "income status": {
        "Net sales": 51764,
        "Cost of goods sold": 40660,
        "Gross Profit": 11104,
        "Financial expenses": 2654,
        "Of which: Interest expense": 9050,
        "Cost of sales": 3518,
        "Enterprise cost management": 4620,
        "Total Operating Expenses": 10792,
        "Total revenue financing activities": 1,
        "Net profit from business activities": 313,
        "Profit": 105,
        "Profit before tax": 418,
        "Present corporate income tax expenses": 141,
        "Deferred income taxes expenses": "N/A",
        "The interests of minority shareholders": "N/A",
        "Total Cost of profits": 141,
        "Profit after tax corporate income": 277,
        "Volume": 20000000,
        "Close of Quarter": 6.2,
        "EPS": 77,
        "Non-adjusted EPS": 77,
        "PE": 80.5,
        "Book Price": 10.5
      }
    },
    {
      "quarter": "Q3 2016",
      "income status": {
        "Net sales": 46123,
        "Cost of goods sold": 28390,
        "Gross Profit": 17734,
        "Financial expenses": 3035,
        "Of which: Interest expense": 3035,
        "Cost of sales": 11318,
        "Enterprise cost management": 2759,
        "Total Operating Expenses": 17112,
        "Total revenue financing activities": 2,
        "Net profit from business activities": 624,
        "Profit": -338,
        "Profit before tax": 286,
        "Present corporate income tax expenses": "N/A",
        "Deferred income taxes expenses": "N/A",
        "The interests of minority shareholders": "N/A",
        "Total Cost of profits": 0,
        "Profit after tax corporate income": 286,
        "Volume": 20000000,
        "Close of Quarter": 7.4,
        "EPS": 78,
        "Non-adjusted EPS": 78,
        "PE": 94.9,
        "Book Price": 10.5
      }
    },
    {
      "quarter": "Q2 2016",
      "income status": {
        "Net sales": 45395,
        "Cost of goods sold": 33508,
        "Gross Profit": 11887,
        "Financial expenses": 1712,
        "Of which: Interest expense": 1712,
        "Cost of sales": 5868,
        "Enterprise cost management": 3310,
        "Total Operating Expenses": 10890,
        "Total revenue financing activities": 11,
        "Net profit from business activities": 1007,
        "Profit": -308,
        "Profit before tax": 699,
        "Present corporate income tax expenses": 371,
        "Deferred income taxes expenses": "N/A",
        "The interests of minority shareholders": "N/A",
        "Total Cost of profits": 371,
        "Profit after tax corporate income": 329,
        "Volume": 20000000,
        "Close of Quarter": 7.8,
        "EPS": 143,
        "Non-adjusted EPS": 143,
        "PE": 54.6,
        "Book Price": 10.5
      }
    },
    {
      "quarter": "Q1 2016",
      "income status": {
        "Net sales": 81871,
        "Cost of goods sold": 58983,
        "Gross Profit": 22889,
        "Financial expenses": 1649,
        "Of which: Interest expense": 1649,
        "Cost of sales": 17857,
        "Enterprise cost management": 2664,
        "Total Operating Expenses": 22170,
        "Total revenue financing activities": 8,
        "Net profit from business activities": 727,
        "Profit": 92,
        "Profit before tax": 819,
        "Present corporate income tax expenses": 164,
        "Deferred income taxes expenses": "N/A",
        "The interests of minority shareholders": "N/A",
        "Total Cost of profits": 164,
        "Profit after tax corporate income": 655,
        "Volume": 20000000,
        "Close of Quarter": 9.2,
        "EPS": 214,
        "Non-adjusted EPS": 214,
        "PE": 43.0,
        "Book Price": 10.5
      }
    },
    {
      "quarter": "Q4 2015",
      "income status": {
        "Net sales": 86643,
        "Cost of goods sold": 56968,
        "Gross Profit": 29675,
        "Financial expenses": 1395,
        "Of which: Interest expense": 2688,
        "Cost of sales": 23014,
        "Enterprise cost management": 4988,
        "Total Operating Expenses": 29397,
        "Total revenue financing activities": 8,
        "Net profit from business activities": 286,
        "Profit": 79,
        "Profit before tax": 364,
        "Present corporate income tax expenses": 79,
        "Deferred income taxes expenses": "N/A",
        "The interests of minority shareholders": "N/A",
        "Total Cost of profits": 79,
        "Profit after tax corporate income": 285,
        "Volume": 12500000,
        "Close of Quarter": 8.9,
        "EPS": 105.6,
        "Non-adjusted EPS": 169,
        "PE": 52.7,
        "Book Price": 10.6
      }
    },
    {
      "quarter": "Q3 2015",
      "income status": {
        "Net sales": 67944,
        "Cost of goods sold": 46877,
        "Gross Profit": 21068,
        "Financial expenses": 1291,
        "Of which: Interest expense": 1293,
        "Cost of sales": 15502,
        "Enterprise cost management": 2271,
        "Total Operating Expenses": 19064,
        "Total revenue financing activities": 10,
        "Net profit from business activities": 2013,
        "Profit": 21,
        "Profit before tax": 2034,
        "Present corporate income tax expenses": 448,
        "Deferred income taxes expenses": "N/A",
        "The interests of minority shareholders": "N/A",
        "Total Cost of profits": 448,
        "Profit after tax corporate income": 1587,
        "Volume": 12500000,
        "Close of Quarter": 9.6,
        "EPS": 111.3,
        "Non-adjusted EPS": 178,
        "PE": 53.9,
        "Book Price": 10.6
      }
    },
    {
      "quarter": "Q2 2015",
      "income status": {
        "Net sales": 73710,
        "Cost of goods sold": 57594,
        "Gross Profit": 16116,
        "Financial expenses": 1291,
        "Of which: Interest expense": 1295,
        "Cost of sales": 10061,
        "Enterprise cost management": 3066,
        "Total Operating Expenses": 14418,
        "Total revenue financing activities": 198,
        "Net profit from business activities": 1896,
        "Profit": 36,
        "Profit before tax": 1932,
        "Present corporate income tax expenses": 180,
        "Deferred income taxes expenses": "N/A",
        "The interests of minority shareholders": "N/A",
        "Total Cost of profits": 180,
        "Profit after tax corporate income": 1752,
        "Volume": 12500000,
        "Close of Quarter": 12.7,
        "EPS": 100.6,
        "Non-adjusted EPS": 161,
        "PE": 78.9,
        "Book Price": 10.5
      }
    },
    {
      "quarter": "Q1 2015",
      "income status": {
        "Net sales": 39507,
        "Cost of goods sold": 29732,
        "Gross Profit": 9775,
        "Financial expenses": 1142,
        "Of which: Interest expense": 1142,
        "Cost of sales": 8103,
        "Enterprise cost management": 2255,
        "Total Operating Expenses": 11500,
        "Total revenue financing activities": 195,
        "Net profit from business activities": -1531,
        "Profit": 23,
        "Profit before tax": -1508,
        "Present corporate income tax expenses": "N/A",
        "Deferred income taxes expenses": "N/A",
        "The interests of minority shareholders": "N/A",
        "Total Cost of profits": 0,
        "Profit after tax corporate income": -1508,
        "Volume": 12500000,
        "Close of Quarter": 14.1,
        "EPS": -41.3,
        "Non-adjusted EPS": -66,
        "PE": -213.3,
        "Book Price": 10.5
      }
    },
    {
      "quarter": "Q4 2014",
      "income status": {
        "Net sales": 66006,
        "Cost of goods sold": 45666,
        "Gross Profit": 20340,
        "Financial expenses": 1215,
        "Of which: Interest expense": 1215,
        "Cost of sales": 15376,
        "Enterprise cost management": 2686,
        "Total Operating Expenses": 19277,
        "Total revenue financing activities": 5,
        "Net profit from business activities": 1069,
        "Profit": 32,
        "Profit before tax": 1101,
        "Present corporate income tax expenses": 713,
        "Deferred income taxes expenses": "N/A",
        "The interests of minority shareholders": "N/A",
        "Total Cost of profits": 713,
        "Profit after tax corporate income": 388,
        "Volume": 12500000,
        "Close of Quarter": 12.7,
        "EPS": -56.3,
        "Non-adjusted EPS": -90,
        "PE": -141.1,
        "Book Price": 10.6
      }
    },
    {
      "quarter": "Q3 2014",
      "income status": {
        "Net sales": 49880,
        "Cost of goods sold": 33997,
        "Gross Profit": 15883,
        "Financial expenses": 1253,
        "Of which: Interest expense": 1247,
        "Cost of sales": 10999,
        "Enterprise cost management": 2092,
        "Total Operating Expenses": 14344,
        "Total revenue financing activities": 4,
        "Net profit from business activities": 1543,
        "Profit": -168,
        "Profit before tax": 1375,
        "Present corporate income tax expenses": "N/A",
        "Deferred income taxes expenses": "N/A",
        "The interests of minority shareholders": "N/A",
        "Total Cost of profits": 0,
        "Profit after tax corporate income": 1375,
        "Volume": 12500000,
        "Close of Quarter": 9.5,
        "EPS": -16.3,
        "Non-adjusted EPS": -26,
        "PE": -363.5,
        "Book Price": 6.6
      }
    },
    {
      "quarter": "Q2 2014",
      "income status": {
        "Net sales": 67054,
        "Cost of goods sold": 47692,
        "Gross Profit": 19362,
        "Financial expenses": 1321,
        "Of which: Interest expense": 1321,
        "Cost of sales": 10326,
        "Enterprise cost management": 3799,
        "Total Operating Expenses": 15446,
        "Total revenue financing activities": 6,
        "Net profit from business activities": 3922,
        "Profit": -2843,
        "Profit before tax": 1079,
        "Present corporate income tax expenses": 2162,
        "Deferred income taxes expenses": "N/A",
        "The interests of minority shareholders": "N/A",
        "Total Cost of profits": 2162,
        "Profit after tax corporate income": -1083,
        "Volume": 12500000,
        "Close of Quarter": 7.3,
        "EPS": -55.6,
        "Non-adjusted EPS": -89,
        "PE": -81.9,
        "Book Price": 6.6
      }
    },
    {
      "quarter": "Q1 2014",
      "income status": {
        "Net sales": 38937,
        "Cost of goods sold": 29099,
        "Gross Profit": 9838,
        "Financial expenses": 1293,
        "Of which: Interest expense": 1293,
        "Cost of sales": 8100,
        "Enterprise cost management": 2277,
        "Total Operating Expenses": 11670,
        "Total revenue financing activities": 5,
        "Net profit from business activities": -1827,
        "Profit": 22,
        "Profit before tax": -1805,
        "Present corporate income tax expenses": "N/A",
        "Deferred income taxes expenses": "N/A",
        "The interests of minority shareholders": "N/A",
        "Total Cost of profits": 0,
        "Profit after tax corporate income": -1805,
        "Volume": 12500000,
        "Close of Quarter": 10.8,
        "EPS": 153.8,
        "Non-adjusted EPS": 246,
        "PE": 44.0,
        "Book Price": 6.6
      }
    },
    {
      "quarter": "Q4 2013",
      "income status": {
        "Net sales": 42171,
        "Cost of goods sold": 30118,
        "Gross Profit": 12054,
        "Financial expenses": 1269,
        "Of which: Interest expense": 1269,
        "Cost of sales": 7764,
        "Enterprise cost management": 1957,
        "Total Operating Expenses": 10990,
        "Total revenue financing activities": 5,
        "Net profit from business activities": 1069,
        "Profit": 124,
        "Profit before tax": 1192,
        "Present corporate income tax expenses": "N/A",
        "Deferred income taxes expenses": "N/A",
        "The interests of minority shareholders": "N/A",
        "Total Cost of profits": 0,
        "Profit after tax corporate income": 1192,
        "Volume": 12500000,
        "Close of Quarter": 8.0,
        "EPS": 152.5,
        "Non-adjusted EPS": 244,
        "PE": 32.7,
        "Book Price": 6.7
      }
    },
    {
      "quarter": "Q3 2013",
      "income status": {
        "Net sales": 66262,
        "Cost of goods sold": 46567,
        "Gross Profit": 19695,
        "Financial expenses": 1514,
        "Of which: Interest expense": 1514,
        "Cost of sales": 14549,
        "Enterprise cost management": 2908,
        "Total Operating Expenses": 18971,
        "Total revenue financing activities": 8,
        "Net profit from business activities": 733,
        "Profit": -151,
        "Profit before tax": 582,
        "Present corporate income tax expenses": "N/A",
        "Deferred income taxes expenses": "N/A",
        "The interests of minority shareholders": "N/A",
        "Total Cost of profits": 0,
        "Profit after tax corporate income": 582,
        "Volume": 12500000,
        "Close of Quarter": 6.7,
        "EPS": 240.6,
        "Non-adjusted EPS": 385,
        "PE": 17.4,
        "Book Price": 6.6
      }
    },
    {
      "quarter": "Q2 2013",
      "income status": {
        "Net sales": 88697,
        "Cost of goods sold": 62485,
        "Gross Profit": 26212,
        "Financial expenses": 1567,
        "Of which: Interest expense": 3064,
        "Cost of sales": 15761,
        "Enterprise cost management": 5987,
        "Total Operating Expenses": 23315,
        "Total revenue financing activities": 13,
        "Net profit from business activities": 2911,
        "Profit": 201,
        "Profit before tax": 3112,
        "Present corporate income tax expenses": "N/A",
        "Deferred income taxes expenses": "N/A",
        "The interests of minority shareholders": "N/A",
        "Total Cost of profits": 0,
        "Profit after tax corporate income": 3112,
        "Volume": 12500000,
        "Close of Quarter": 6.2,
        "EPS": 223.1,
        "Non-adjusted EPS": 357,
        "PE": 17.4,
        "Book Price": 6.6
      }
    },
    {
      "quarter": "Q1 2013",
      "income status": {
        "Net sales": 40744,
        "Cost of goods sold": 32979,
        "Gross Profit": 7765,
        "Financial expenses": 1497,
        "Of which: Interest expense": "N/A",
        "Cost of sales": 6108,
        "Enterprise cost management": 2001,
        "Total Operating Expenses": 9606,
        "Total revenue financing activities": 11,
        "Net profit from business activities": -1829,
        "Profit": -1,
        "Profit before tax": -1831,
        "Present corporate income tax expenses": "N/A",
        "Deferred income taxes expenses": "N/A",
        "The interests of minority shareholders": "N/A",
        "Total Cost of profits": 0,
        "Profit after tax corporate income": -1831,
        "Volume": 12500000,
        "Close of Quarter": 4.2,
        "EPS": 18.8,
        "Non-adjusted EPS": 30,
        "PE": 141,
        "Book Price": 6.5
      }
    },
    {
      "quarter": "Q4 2012",
      "income status": {
        "Net sales": 75412,
        "Cost of goods sold": 67776,
        "Gross Profit": 7636,
        "Financial expenses": 1743,
        "Of which: Interest expense": "N/A",
        "Cost of sales": 12244,
        "Enterprise cost management": 3451,
        "Total Operating Expenses": 17438,
        "Total revenue financing activities": 124,
        "Net profit from business activities": -9677,
        "Profit": 12628,
        "Profit before tax": 2950,
        "Present corporate income tax expenses": "N/A",
        "Deferred income taxes expenses": "N/A",
        "The interests of minority shareholders": "N/A",
        "Total Cost of profits": 0,
        "Profit after tax corporate income": 2950,
        "Volume": 12500000,
        "Close of Quarter": 4.9,
        "EPS": 61.3,
        "Non-adjusted EPS": 98,
        "PE": 50.2,
        "Book Price": 6.6
      }
    },
    {
      "quarter": "Q3 2012",
      "income status": {
        "Net sales": 55512,
        "Cost of goods sold": 43757,
        "Gross Profit": 11755,
        "Financial expenses": 1476,
        "Of which: Interest expense": "N/A",
        "Cost of sales": 8075,
        "Enterprise cost management": 2337,
        "Total Operating Expenses": 11888,
        "Total revenue financing activities": 15,
        "Net profit from business activities": -118,
        "Profit": 354,
        "Profit before tax": 236,
        "Present corporate income tax expenses": "N/A",
        "Deferred income taxes expenses": "N/A",
        "The interests of minority shareholders": "N/A",
        "Total Cost of profits": 0,
        "Profit after tax corporate income": 236,
        "Volume": 12500000,
        "Close of Quarter": 4.3,
        "EPS": 63.8,
        "Non-adjusted EPS": 102,
        "PE": 42.5,
        "Book Price": 6.5
      }
    },
    {
      "quarter": "Q2 2012",
      "income status": {
        "Net sales": 80802,
        "Cost of goods sold": 68117,
        "Gross Profit": 12685,
        "Financial expenses": 1913,
        "Of which: Interest expense": 3695,
        "Cost of sales": 11004,
        "Enterprise cost management": 3143,
        "Total Operating Expenses": 16060,
        "Total revenue financing activities": 488,
        "Net profit from business activities": -2886,
        "Profit": 1910,
        "Profit before tax": -976,
        "Present corporate income tax expenses": "N/A",
        "Deferred income taxes expenses": "N/A",
        "The interests of minority shareholders": "N/A",
        "Total Cost of profits": 0,
        "Profit after tax corporate income": -976,
        "Volume": 12500000,
        "Close of Quarter": 6.4,
        "EPS": 58.8,
        "Non-adjusted EPS": 94,
        "PE": 68.1,
        "Book Price": 6.5
      }
    },
    {
      "quarter": "Q1 2012",
      "income status": {
        "Net sales": 51784,
        "Cost of goods sold": 42060,
        "Gross Profit": 9724,
        "Financial expenses": 1931,
        "Of which: Interest expense": "N/A",
        "Cost of sales": 6679,
        "Enterprise cost management": 2379,
        "Total Operating Expenses": 10989,
        "Total revenue financing activities": 16,
        "Net profit from business activities": -1249,
        "Profit": 260,
        "Profit before tax": -989,
        "Present corporate income tax expenses": "N/A",
        "Deferred income taxes expenses": "N/A",
        "The interests of minority shareholders": "N/A",
        "Total Cost of profits": 0,
        "Profit after tax corporate income": -989,
        "Volume": 12500000,
        "Close of Quarter": 6.6,
        "EPS": 150.6,
        "Non-adjusted EPS": 241,
        "PE": 27.4,
        "Book Price": 6.6
      }
    },
    {
      "quarter": "Q4 2011",
      "income status": {
        "Net sales": 72227,
        "Cost of goods sold": 56939,
        "Gross Profit": 15288,
        "Financial expenses": 2210,
        "Of which: Interest expense": "N/A",
        "Cost of sales": 9730,
        "Enterprise cost management": 3070,
        "Total Operating Expenses": 15010,
        "Total revenue financing activities": 368,
        "Net profit from business activities": 646,
        "Profit": 2359,
        "Profit before tax": 3005,
        "Present corporate income tax expenses": "N/A",
        "Deferred income taxes expenses": "N/A",
        "The interests of minority shareholders": "N/A",
        "Total Cost of profits": 0,
        "Profit after tax corporate income": 3005,
        "Volume": 12500000,
        "Close of Quarter": 4.5,
        "EPS": 105.6,
        "Non-adjusted EPS": 169,
        "PE": 26.8,
        "Book Price": 6.6
      }
    },
    {
      "quarter": "Q3 2011",
      "income status": {
        "Net sales": 56623,
        "Cost of goods sold": 46478,
        "Gross Profit": 10145,
        "Financial expenses": 967,
        "Of which: Interest expense": "N/A",
        "Cost of sales": 7289,
        "Enterprise cost management": 2302,
        "Total Operating Expenses": 10558,
        "Total revenue financing activities": 330,
        "Net profit from business activities": -83,
        "Profit": 212,
        "Profit before tax": 129,
        "Present corporate income tax expenses": "N/A",
        "Deferred income taxes expenses": "N/A",
        "The interests of minority shareholders": "N/A",
        "Total Cost of profits": 0,
        "Profit after tax corporate income": 129,
        "Volume": 12500000,
        "Close of Quarter": 5.7,
        "EPS": -835,
        "Non-adjusted EPS": -1336,
        "PE": -4.3,
        "Book Price": 6.5
      }
    },
    {
      "quarter": "Q2 2011",
      "income status": {
        "Net sales": 80181,
        "Cost of goods sold": 64911,
        "Gross Profit": 15270,
        "Financial expenses": 2730,
        "Of which: Interest expense": 916,
        "Cost of sales": 9948,
        "Enterprise cost management": 2719,
        "Total Operating Expenses": 15397,
        "Total revenue financing activities": 889,
        "Net profit from business activities": 763,
        "Profit": 134,
        "Profit before tax": 897,
        "Present corporate income tax expenses": 34,
        "Deferred income taxes expenses": "N/A",
        "The interests of minority shareholders": "N/A",
        "Total Cost of profits": 34,
        "Profit after tax corporate income": 864,
        "Volume": 12500000,
        "Close of Quarter": 6.3,
        "EPS": -1120,
        "Non-adjusted EPS": -1792,
        "PE": -3.5,
        "Book Price": 6.5
      }
    },
    {
      "quarter": "Q1 2011",
      "income status": {
        "Net sales": 63049,
        "Cost of goods sold": 51072,
        "Gross Profit": 11977,
        "Financial expenses": 1462,
        "Of which: Interest expense": 1294,
        "Cost of sales": 10445,
        "Enterprise cost management": 2354,
        "Total Operating Expenses": 14261,
        "Total revenue financing activities": 593,
        "Net profit from business activities": -1691,
        "Profit": -198,
        "Profit before tax": -1889,
        "Present corporate income tax expenses": "N/A",
        "Deferred income taxes expenses": "N/A",
        "The interests of minority shareholders": "N/A",
        "Total Cost of profits": 0,
        "Profit after tax corporate income": -1889,
        "Volume": 12500000,
        "Close of Quarter": 7.8,
        "EPS": -895.6,
        "Non-adjusted EPS": -1433,
        "PE": -5.4,
        "Book Price": 6.5
      }
    },
    {
      "quarter": "Q4 2010",
      "income status": {
        "Net sales": 94480,
        "Cost of goods sold": 85303,
        "Gross Profit": 9177,
        "Financial expenses": 2142,
        "Of which: Interest expense": "N/A",
        "Cost of sales": 19195,
        "Enterprise cost management": 4461,
        "Total Operating Expenses": 25798,
        "Total revenue financing activities": 694,
        "Net profit from business activities": -15926,
        "Profit": -526,
        "Profit before tax": -16452,
        "Present corporate income tax expenses": -654,
        "Deferred income taxes expenses": "N/A",
        "The interests of minority shareholders": "N/A",
        "Total Cost of profits": -654,
        "Profit after tax corporate income": -15798,
        "Volume": 12500000,
        "Close of Quarter": 10.2,
        "EPS": -777.5,
        "Non-adjusted EPS": -1244,
        "PE": -8.2,
        "Book Price": 6.9
      }
    },
    {
      "quarter": "Q3 2010",
      "income status": {
        "Net sales": 66825,
        "Cost of goods sold": 57332,
        "Gross Profit": 9493,
        "Financial expenses": 3111,
        "Of which: Interest expense": "N/A",
        "Cost of sales": 10155,
        "Enterprise cost management": 2242,
        "Total Operating Expenses": 15508,
        "Total revenue financing activities": 212,
        "Net profit from business activities": -5802,
        "Profit": 224,
        "Profit before tax": -5578,
        "Present corporate income tax expenses": "N/A",
        "Deferred income taxes expenses": "N/A",
        "The interests of minority shareholders": "N/A",
        "Total Cost of profits": 0,
        "Profit after tax corporate income": -5578,
        "Volume": 12500000,
        "Close of Quarter": 12.5,
        "EPS": 181.3,
        "Non-adjusted EPS": 290,
        "PE": 43.1,
        "Book Price": 7.7
      }
    },
    {
      "quarter": "Q2 2010",
      "income status": {
        "Net sales": 100217,
        "Cost of goods sold": 78467,
        "Gross Profit": 21750,
        "Financial expenses": 246,
        "Of which: Interest expense": 1276,
        "Cost of sales": 14361,
        "Enterprise cost management": 3548,
        "Total Operating Expenses": 18155,
        "Total revenue financing activities": 2052,
        "Net profit from business activities": 5648,
        "Profit": 307,
        "Profit before tax": 5955,
        "Present corporate income tax expenses": 601,
        "Deferred income taxes expenses": "N/A",
        "The interests of minority shareholders": "N/A",
        "Total Cost of profits": 601,
        "Profit after tax corporate income": 5354,
        "Volume": 12500000,
        "Close of Quarter": 16.0,
        "EPS": 490.6,
        "Non-adjusted EPS": 785,
        "PE": 20.3,
        "Book Price": 8
      }
    },
    {
      "quarter": "Q1 2010",
      "income status": {
        "Net sales": 64729,
        "Cost of goods sold": 49190,
        "Gross Profit": 15538,
        "Financial expenses": 1724,
        "Of which: Interest expense": "N/A",
        "Cost of sales": 10908,
        "Enterprise cost management": 2498,
        "Total Operating Expenses": 15130,
        "Total revenue financing activities": 60,
        "Net profit from business activities": 469,
        "Profit": 53,
        "Profit before tax": 522,
        "Present corporate income tax expenses": 52,
        "Deferred income taxes expenses": "N/A",
        "The interests of minority shareholders": "N/A",
        "Total Cost of profits": 52,
        "Profit after tax corporate income": 470,
        "Volume": 12500000,
        "Close of Quarter": 15.3,
        "EPS": 646.9,
        "Non-adjusted EPS": 1035,
        "PE": 14.7,
        "Book Price": 7.8
      }
    },
    {
      "quarter": "Q4 2009",
      "income status": {
        "Net sales": 65139,
        "Cost of goods sold": 45896,
        "Gross Profit": 19242,
        "Financial expenses": 1819,
        "Of which: Interest expense": "N/A",
        "Cost of sales": 10267,
        "Enterprise cost management": 3641,
        "Total Operating Expenses": 15727,
        "Total revenue financing activities": 278,
        "Net profit from business activities": 3794,
        "Profit": 8,
        "Profit before tax": 3802,
        "Present corporate income tax expenses": 422,
        "Deferred income taxes expenses": "N/A",
        "The interests of minority shareholders": "N/A",
        "Total Cost of profits": 422,
        "Profit after tax corporate income": 3380,
        "Volume": 12500000,
        "Close of Quarter": 13,
        "EPS": 642.5,
        "Non-adjusted EPS": 1028,
        "PE": 12.7,
        "Book Price": 7.8
      }
    },
    {
      "quarter": "Q3 2009",
      "income status": {
        "Net sales": 56609,
        "Cost of goods sold": 49058,
        "Gross Profit": 7551,
        "Financial expenses": 1281,
        "Of which: Interest expense": "N/A",
        "Cost of sales": 3807,
        "Enterprise cost management": 1998,
        "Total Operating Expenses": 7086,
        "Total revenue financing activities": 148,
        "Net profit from business activities": 613,
        "Profit": -8,
        "Profit before tax": 605,
        "Present corporate income tax expenses": "N/A",
        "Deferred income taxes expenses": "N/A",
        "The interests of minority shareholders": "N/A",
        "Total Cost of profits": 0,
        "Profit after tax corporate income": 605,
        "Volume": 12500000,
        "Close of Quarter": 16.3,
        "EPS": -1599.4,
        "Non-adjusted EPS": -2559,
        "PE": -6.4,
        "Book Price": 7.7
      }
    },
    {
      "quarter": "Q2 2009",
      "income status": {
        "Net sales": 99774,
        "Cost of goods sold": 66010,
        "Gross Profit": 33764,
        "Financial expenses": 2740,
        "Of which: Interest expense": "N/A",
        "Cost of sales": 20097,
        "Enterprise cost management": 2554,
        "Total Operating Expenses": 25391,
        "Total revenue financing activities": 68,
        "Net profit from business activities": 8441,
        "Profit": 44,
        "Profit before tax": 8485,
        "Present corporate income tax expenses": "N/A",
        "Deferred income taxes expenses": "N/A",
        "The interests of minority shareholders": "N/A",
        "Total Cost of profits": 0,
        "Profit after tax corporate income": 8485,
        "Volume": 12500000,
        "Close of Quarter": 14.0,
        "EPS": -1588.8,
        "Non-adjusted EPS": -2542,
        "PE": -5.5,
        "Book Price": 6.4
      }
    },
    {
      "quarter": "Q1 2009",
      "income status": {
        "Net sales": 56859,
        "Cost of goods sold": 41044,
        "Gross Profit": 15815,
        "Financial expenses": 1996,
        "Of which: Interest expense": "N/A",
        "Cost of sales": 11729,
        "Enterprise cost management": 1733,
        "Total Operating Expenses": 15458,
        "Total revenue financing activities": 22,
        "Net profit from business activities": 379,
        "Profit": 2,
        "Profit before tax": 381,
        "Present corporate income tax expenses": "N/A",
        "Deferred income taxes expenses": "N/A",
        "The interests of minority shareholders": "N/A",
        "Total Cost of profits": 0,
        "Profit after tax corporate income": 381,
        "Volume": 10000000,
        "Close of Quarter": 9.2,
        "EPS": -1816.5,
        "Non-adjusted EPS": -3633,
        "PE": -2.5,
        "Book Price": 6.5
      }
    },
    {
      "quarter": "Q4 2008",
      "income status": {
        "Net sales": 35763,
        "Cost of goods sold": 56793,
        "Gross Profit": -21030,
        "Financial expenses": 2735,
        "Of which: Interest expense": "N/A",
        "Cost of sales": 15844,
        "Enterprise cost management": 2374,
        "Total Operating Expenses": 20953,
        "Total revenue financing activities": 335,
        "Net profit from business activities": -41648,
        "Profit": -63,
        "Profit before tax": -41711,
        "Present corporate income tax expenses": -251,
        "Deferred income taxes expenses": "N/A",
        "The interests of minority shareholders": "N/A",
        "Total Cost of profits": -251,
        "Profit after tax corporate income": -41460,
        "Volume": 10000000,
        "Close of Quarter": 10.1,
        "EPS": -1885,
        "Non-adjusted EPS": -3770,
        "PE": -2.7,
        "Book Price": 6.5
      }
    },
    {
      "quarter": "Q3 2008",
      "income status": {
        "Net sales": 112977,
        "Cost of goods sold": 77336,
        "Gross Profit": 35641,
        "Financial expenses": 4714,
        "Of which: Interest expense": "N/A",
        "Cost of sales": 26657,
        "Enterprise cost management": 1971,
        "Total Operating Expenses": 33342,
        "Total revenue financing activities": 240,
        "Net profit from business activities": 2539,
        "Profit": -1626,
        "Profit before tax": 913,
        "Present corporate income tax expenses": 91,
        "Deferred income taxes expenses": "N/A",
        "The interests of minority shareholders": "N/A",
        "Total Cost of profits": 91,
        "Profit after tax corporate income": 822,
        "Volume": 10000000,
        "Close of Quarter": 12.2,
        "EPS": 288,
        "Non-adjusted EPS": 576,
        "PE": 21.2,
        "Book Price": 8.6
      }
    },
    {
      "quarter": "Q2 2008",
      "income status": {
        "Net sales": 136189,
        "Cost of goods sold": 98095,
        "Gross Profit": 38094,
        "Financial expenses": 7769,
        "Of which: Interest expense": "N/A",
        "Cost of sales": 23814,
        "Enterprise cost management": 2468,
        "Total Operating Expenses": 34051,
        "Total revenue financing activities": 712,
        "Net profit from business activities": 4754,
        "Profit": -669,
        "Profit before tax": 4085,
        "Present corporate income tax expenses": 160,
        "Deferred income taxes expenses": "N/A",
        "The interests of minority shareholders": "N/A",
        "Total Cost of profits": 160,
        "Profit after tax corporate income": 3925,
        "Volume": 10000000,
        "Close of Quarter": 14.6,
        "EPS": 376,
        "Non-adjusted EPS": 752,
        "PE": 19.4,
        "Book Price": 8.5
      }
    },
    {
      "quarter": "Q1 2008",
      "income status": {
        "Net sales": 64914,
        "Cost of goods sold": 52870,
        "Gross Profit": 12044,
        "Financial expenses": 1884,
        "Of which: Interest expense": "N/A",
        "Cost of sales": 10588,
        "Enterprise cost management": 2040,
        "Total Operating Expenses": 14512,
        "Total revenue financing activities": 1609,
        "Net profit from business activities": -859,
        "Profit": -127,
        "Profit before tax": -985,
        "Present corporate income tax expenses": "N/A",
        "Deferred income taxes expenses": "N/A",
        "The interests of minority shareholders": "N/A",
        "Total Cost of profits": 0,
        "Profit after tax corporate income": -985,
        "Volume": 10000000,
        "Close of Quarter": 17.6,
        "EPS": 554.5,
        "Non-adjusted EPS": 1109,
        "PE": 15.9,
        "Book Price": 8.6
      }
    },
    {
      "quarter": "Q4 2007",
      "income status": {
        "Net sales": 94976,
        "Cost of goods sold": 78116,
        "Gross Profit": 16860,
        "Financial expenses": 2831,
        "Of which: Interest expense": "N/A",
        "Cost of sales": 10316,
        "Enterprise cost management": 1820,
        "Total Operating Expenses": 14967,
        "Total revenue financing activities": 1153,
        "Net profit from business activities": 3046,
        "Profit": 94,
        "Profit before tax": 3140,
        "Present corporate income tax expenses": 1140,
        "Deferred income taxes expenses": "N/A",
        "The interests of minority shareholders": "N/A",
        "Total Cost of profits": 1140,
        "Profit after tax corporate income": 2001,
        "Volume": 10000000,
        "Close of Quarter": 32.8,
        "EPS": 614.5,
        "Non-adjusted EPS": 1229,
        "PE": 26.7,
        "Book Price": 8.8
      }
    },
    {
      "quarter": "Q3 2007",
      "income status": {
        "Net sales": 104760,
        "Cost of goods sold": 84883,
        "Gross Profit": 19877,
        "Financial expenses": 2967,
        "Of which: Interest expense": "N/A",
        "Cost of sales": 13288,
        "Enterprise cost management": 1713,
        "Total Operating Expenses": 17968,
        "Total revenue financing activities": 111,
        "Net profit from business activities": 2019,
        "Profit": 561,
        "Profit before tax": 2580,
        "Present corporate income tax expenses": "N/A",
        "Deferred income taxes expenses": "N/A",
        "The interests of minority shareholders": "N/A",
        "Total Cost of profits": 0,
        "Profit after tax corporate income": 2580,
        "Volume": 7049500,
        "Close of Quarter": 39.1,
        "EPS": 440.6,
        "Non-adjusted EPS": 1250,
        "PE": 31.3,
        "Book Price": 6.1
      }
    },
    {
      "quarter": "Q2 2007",
      "income status": {
        "Net sales": 83186,
        "Cost of goods sold": 54195,
        "Gross Profit": 28991,
        "Financial expenses": 2022,
        "Of which: Interest expense": "N/A",
        "Cost of sales": 17361,
        "Enterprise cost management": 2743,
        "Total Operating Expenses": 22126,
        "Total revenue financing activities": 73,
        "Net profit from business activities": 6938,
        "Profit": 554,
        "Profit before tax": 7492,
        "Present corporate income tax expenses": "N/A",
        "Deferred income taxes expenses": "N/A",
        "The interests of minority shareholders": "N/A",
        "Total Cost of profits": 0,
        "Profit after tax corporate income": 7492,
        "Volume": 7049500,
        "Close of Quarter": 28.2,
        "EPS": 311.6,
        "Non-adjusted EPS": 884,
        "PE": 31.9,
        "Book Price": 5.9
      }
    },
    {
      "quarter": "Q1 2007",
      "income status": {
        "Net sales": 40906,
        "Cost of goods sold": 28083,
        "Gross Profit": 12822,
        "Financial expenses": 1656,
        "Of which: Interest expense": "N/A",
        "Cost of sales": 9488,
        "Enterprise cost management": 1590,
        "Total Operating Expenses": 12734,
        "Total revenue financing activities": 114,
        "Net profit from business activities": 204,
        "Profit": "N/A",
        "Profit before tax": 11,
        "Present corporate income tax expenses": "N/A",
        "Deferred income taxes expenses": -202,
        "The interests of minority shareholders": -202,
        "Total Cost of profits": -404,
        "Profit after tax corporate income": 213,
        "Volume": 7049500,
        "Close of Quarter": 44.3,
        "EPS": -63.1,
        "Non-adjusted EPS": -179,
        "PE": -247.6,
        "Book Price": 5.9
      }
    },
    {
      "quarter": "Q4 2006",
      "income status": {
        "Net sales": 49123,
        "Cost of goods sold": 40375,
        "Gross Profit": 8747,
        "Financial expenses": 2158,
        "Of which: Interest expense": "N/A",
        "Cost of sales": 7815,
        "Enterprise cost management": 1849,
        "Total Operating Expenses": 11822,
        "Total revenue financing activities": 99,
        "Net profit from business activities": -2976,
        "Profit": 1553,
        "Profit before tax": -1423,
        "Present corporate income tax expenses": 53,
        "Deferred income taxes expenses": "N/A",
        "The interests of minority shareholders": "N/A",
        "Total Cost of profits": 53,
        "Profit after tax corporate income": -1476,
        "Volume": 7049500,
        "Close of Quarter": 44.3,
        "EPS": -73.7,
        "Non-adjusted EPS": -209,
        "PE": -212.1,
        "Book Price": 5.9
      }
    }
  ]
}