{
  "ticker": "DNW",
  "data": [
    {
      "quarter": "Q1 2017",
      "income status": {
        "Net sales": 216789,
        "Cost of goods sold": 131445,
        "Gross Profit": 85344,
        "Financial expenses": 11762,
        "Of which: Interest expense": 10309,
        "Cost of sales": 23906,
        "Enterprise cost management": 11902,
        "Total Operating Expenses": 47570,
        "Total revenue financing activities": 1182,
        "Net profit from business activities": 38956,
        "Profit": 86,
        "Profit before tax": 39042,
        "Present corporate income tax expenses": 6302,
        "Deferred income taxes expenses": 51,
        "The interests of minority shareholders": 3203,
        "Total Cost of profits": 9556,
        "Profit after tax corporate income": 29486,
        "Volume": 100000000,
        "Close of Quarter": 13,
        "EPS": 658,
        "Non-adjusted EPS": 658,
        "PE": 19.8,
        "Book Price": 13.7
      }
    },
    {
      "quarter": "Q4 2016",
      "income status": {
        "Net sales": 218128,
        "Cost of goods sold": 137645,
        "Gross Profit": 80484,
        "Financial expenses": -137987,
        "Of which: Interest expense": 15551,
        "Cost of sales": 24110,
        "Enterprise cost management": 12416,
        "Total Operating Expenses": -101461,
        "Total revenue financing activities": 5708,
        "Net profit from business activities": 190068,
        "Profit": 613,
        "Profit before tax": 190681,
        "Present corporate income tax expenses": 12261,
        "Deferred income taxes expenses": 51,
        "The interests of minority shareholders": 2541,
        "Total Cost of profits": 14853,
        "Profit after tax corporate income": 175828,
        "Volume": 100000000,
        "Close of Quarter": 13.2,
        "EPS": 615,
        "Non-adjusted EPS": 615,
        "PE": 21.5,
        "Book Price": 13.3
      }
    },
    {
      "quarter": "Q3 2016",
      "income status": {
        "Net sales": 226513,
        "Cost of goods sold": 142265,
        "Gross Profit": 84248,
        "Financial expenses": 16706,
        "Of which: Interest expense": 16240,
        "Cost of sales": 23562,
        "Enterprise cost management": 11790,
        "Total Operating Expenses": 52058,
        "Total revenue financing activities": 1556,
        "Net profit from business activities": 33747,
        "Profit": 1292,
        "Profit before tax": 35039,
        "Present corporate income tax expenses": 1556,
        "Deferred income taxes expenses": 51,
        "The interests of minority shareholders": 2965,
        "Total Cost of profits": 4572,
        "Profit after tax corporate income": 30467,
        "Volume": 100000000,
        "Close of Quarter": 15.5,
        "EPS": -562,
        "Non-adjusted EPS": -562,
        "PE": -27.6,
        "Book Price": 11.6
      }
    },
    {
      "quarter": "Q2 2016",
      "income status": {
        "Net sales": 240864,
        "Cost of goods sold": 166048,
        "Gross Profit": 74816,
        "Financial expenses": 214461,
        "Of which: Interest expense": 10586,
        "Cost of sales": 21046,
        "Enterprise cost management": 13994,
        "Total Operating Expenses": 249501,
        "Total revenue financing activities": 1989,
        "Net profit from business activities": -170755,
        "Profit": -97,
        "Profit before tax": -170853,
        "Present corporate income tax expenses": -3721,
        "Deferred income taxes expenses": 51,
        "The interests of minority shareholders": 2805,
        "Total Cost of profits": -865,
        "Profit after tax corporate income": -169987,
        "Volume": 100000000,
        "Close of Quarter": 14.5,
        "EPS": -667,
        "Non-adjusted EPS": -667,
        "PE": -21.7,
        "Book Price": 11.2
      }
    },
    {
      "quarter": "Q1 2016",
      "income status": {
        "Net sales": 210229,
        "Cost of goods sold": 129448,
        "Gross Profit": 80782,
        "Financial expenses": 14680,
        "Of which: Interest expense": 11534,
        "Cost of sales": 19030,
        "Enterprise cost management": 12042,
        "Total Operating Expenses": 45752,
        "Total revenue financing activities": 1659,
        "Net profit from business activities": 36688,
        "Profit": -233,
        "Profit before tax": 36455,
        "Present corporate income tax expenses": 7246,
        "Deferred income taxes expenses": 51,
        "The interests of minority shareholders": 3923,
        "Total Cost of profits": 11220,
        "Profit after tax corporate income": 25235,
        "Volume": 100000000,
        "Close of Quarter": 18.4,
        "EPS": 1221,
        "Non-adjusted EPS": 1221,
        "PE": 15.1,
        "Book Price": 13.5
      }
    },
    {
      "quarter": "Q4 2015",
      "income status": {
        "Net sales": 214465,
        "Cost of goods sold": 139008,
        "Gross Profit": 75457,
        "Financial expenses": 16104,
        "Of which: Interest expense": 15214,
        "Cost of sales": 16284,
        "Enterprise cost management": 13947,
        "Total Operating Expenses": 46335,
        "Total revenue financing activities": 47286,
        "Net profit from business activities": 77114,
        "Profit": 1101,
        "Profit before tax": 78215,
        "Present corporate income tax expenses": 17038,
        "Deferred income taxes expenses": 56,
        "The interests of minority shareholders": 3000,
        "Total Cost of profits": 20094,
        "Profit after tax corporate income": 58121,
        "Volume": 100000000,
        "Close of Quarter": "N/A",
        "EPS": 1591,
        "Non-adjusted EPS": 1591,
        "PE": "N/A",
        "Book Price": 13.3
      }
    },
    {
      "quarter": "Q3 2015",
      "income status": {
        "Net sales": 205750,
        "Cost of goods sold": 128775,
        "Gross Profit": 76975,
        "Financial expenses": 18041,
        "Of which: Interest expense": 17495,
        "Cost of sales": 19512,
        "Enterprise cost management": 11194,
        "Total Operating Expenses": 48747,
        "Total revenue financing activities": 2967,
        "Net profit from business activities": 31194,
        "Profit": -779,
        "Profit before tax": 30415,
        "Present corporate income tax expenses": 6810,
        "Deferred income taxes expenses": 56,
        "The interests of minority shareholders": 3596,
        "Total Cost of profits": 10462,
        "Profit after tax corporate income": 19954,
        "Volume": 100000000,
        "Close of Quarter": "N/A",
        "EPS": 1010,
        "Non-adjusted EPS": 1010,
        "PE": "N/A",
        "Book Price": 12.8
      }
    },
    {
      "quarter": "Q2 2015",
      "income status": {
        "Net sales": 228720,
        "Cost of goods sold": 154750,
        "Gross Profit": 73970,
        "Financial expenses": 11768,
        "Of which: Interest expense": 11768,
        "Cost of sales": 19906,
        "Enterprise cost management": 13503,
        "Total Operating Expenses": 45177,
        "Total revenue financing activities": 2053,
        "Net profit from business activities": 30845,
        "Profit": -409,
        "Profit before tax": 30437,
        "Present corporate income tax expenses": 6437,
        "Deferred income taxes expenses": "N/A",
        "The interests of minority shareholders": 5165,
        "Total Cost of profits": 11602,
        "Profit after tax corporate income": 18835,
        "Volume": 100000000,
        "Close of Quarter": "N/A",
        "EPS": 811,
        "Non-adjusted EPS": 811,
        "PE": "N/A",
        "Book Price": 12.5
      }
    },
    {
      "quarter": "Q3 2014",
      "income status": {
        "Net sales": 616061,
        "Cost of goods sold": 397828,
        "Gross Profit": 218233,
        "Financial expenses": 37632,
        "Of which: Interest expense": 37086,
        "Cost of sales": 50622,
        "Enterprise cost management": 36696,
        "Total Operating Expenses": 124950,
        "Total revenue financing activities": 4858,
        "Net profit from business activities": 100358,
        "Profit": -1199,
        "Profit before tax": 99160,
        "Present corporate income tax expenses": 21347,
        "Deferred income taxes expenses": 168,
        "The interests of minority shareholders": 15427,
        "Total Cost of profits": 36942,
        "Profit after tax corporate income": 62218,
        "Volume": 100000000,
        "Close of Quarter": "N/A",
        "EPS": 622,
        "Non-adjusted EPS": 622,
        "PE": "N/A",
        "Book Price": "N/A"
      }
    }
  ]
}