{
  "ticker": "ITD",
  "data": [
    {
      "quarter": "Q1 2017",
      "income status": {
        "Net sales": 161629,
        "Cost of goods sold": 125654,
        "Gross Profit": 35975,
        "Financial expenses": 1219,
        "Of which: Interest expense": -350,
        "Cost of sales": 9572,
        "Enterprise cost management": 16836,
        "Total Operating Expenses": 27627,
        "Total revenue financing activities": 1043,
        "Net profit from business activities": 9391,
        "Profit": 2249,
        "Profit before tax": 11640,
        "Present corporate income tax expenses": 2396,
        "Deferred income taxes expenses": "N/A",
        "The interests of minority shareholders": 7068,
        "Total Cost of profits": 9464,
        "Profit after tax corporate income": 2176,
        "Volume": 22875876,
        "Close of Quarter": 27.4,
        "EPS": 2859,
        "Non-adjusted EPS": 2859,
        "PE": 9.6,
        "Book Price": 14.5
      }
    },
    {
      "quarter": "Q4 2016",
      "income status": {
        "Net sales": 450759,
        "Cost of goods sold": 344838,
        "Gross Profit": 105922,
        "Financial expenses": 5233,
        "Of which: Interest expense": 1943,
        "Cost of sales": 21667,
        "Enterprise cost management": 20165,
        "Total Operating Expenses": 47065,
        "Total revenue financing activities": 1060,
        "Net profit from business activities": 59917,
        "Profit": 60,
        "Profit before tax": 59977,
        "Present corporate income tax expenses": 9249,
        "Deferred income taxes expenses": 7,
        "The interests of minority shareholders": 8768,
        "Total Cost of profits": 18024,
        "Profit after tax corporate income": 41952,
        "Volume": 22875876,
        "Close of Quarter": 22.3,
        "EPS": 3450,
        "Non-adjusted EPS": 3450,
        "PE": 6.5,
        "Book Price": 15.3
      }
    },
    {
      "quarter": "Q3 2016",
      "income status": {
        "Net sales": 204209,
        "Cost of goods sold": 158111,
        "Gross Profit": 46099,
        "Financial expenses": 1178,
        "Of which: Interest expense": 1098,
        "Cost of sales": 11281,
        "Enterprise cost management": 8716,
        "Total Operating Expenses": 21175,
        "Total revenue financing activities": 1176,
        "Net profit from business activities": 26099,
        "Profit": 53,
        "Profit before tax": 26152,
        "Present corporate income tax expenses": 4998,
        "Deferred income taxes expenses": 32,
        "The interests of minority shareholders": 3624,
        "Total Cost of profits": 8654,
        "Profit after tax corporate income": 17499,
        "Volume": 22875876,
        "Close of Quarter": 21.9,
        "EPS": 2549,
        "Non-adjusted EPS": 2549,
        "PE": 8.6,
        "Book Price": 13.3
      }
    },
    {
      "quarter": "Q2 2016",
      "income status": {
        "Net sales": 101750,
        "Cost of goods sold": 76399,
        "Gross Profit": 25351,
        "Financial expenses": 731,
        "Of which: Interest expense": 653,
        "Cost of sales": 9035,
        "Enterprise cost management": 7672,
        "Total Operating Expenses": 17438,
        "Total revenue financing activities": 1086,
        "Net profit from business activities": 8998,
        "Profit": -216,
        "Profit before tax": 8782,
        "Present corporate income tax expenses": 1739,
        "Deferred income taxes expenses": 7,
        "The interests of minority shareholders": 3269,
        "Total Cost of profits": 5015,
        "Profit after tax corporate income": 3768,
        "Volume": 15323408,
        "Close of Quarter": 27.7,
        "EPS": 2173.0,
        "Non-adjusted EPS": 3244,
        "PE": 8.6,
        "Book Price": 12.2
      }
    },
    {
      "quarter": "Q1 2016",
      "income status": {
        "Net sales": 189554,
        "Cost of goods sold": 133404,
        "Gross Profit": 56151,
        "Financial expenses": 1337,
        "Of which: Interest expense": 1146,
        "Cost of sales": 12256,
        "Enterprise cost management": 21470,
        "Total Operating Expenses": 35063,
        "Total revenue financing activities": 1237,
        "Net profit from business activities": 22325,
        "Profit": -599,
        "Profit before tax": 21726,
        "Present corporate income tax expenses": 5006,
        "Deferred income taxes expenses": 712,
        "The interests of minority shareholders": 316,
        "Total Cost of profits": 6034,
        "Profit after tax corporate income": 15692,
        "Volume": 15323408,
        "Close of Quarter": 16.5,
        "EPS": 2020.3,
        "Non-adjusted EPS": 3016,
        "PE": 5.5,
        "Book Price": 12.5
      }
    },
    {
      "quarter": "Q4 2015",
      "income status": {
        "Net sales": 234918,
        "Cost of goods sold": 175015,
        "Gross Profit": 59903,
        "Financial expenses": 1222,
        "Of which: Interest expense": 1144,
        "Cost of sales": 13147,
        "Enterprise cost management": 9371,
        "Total Operating Expenses": 23740,
        "Total revenue financing activities": 1070,
        "Net profit from business activities": 37233,
        "Profit": -14,
        "Profit before tax": 37219,
        "Present corporate income tax expenses": 7250,
        "Deferred income taxes expenses": 8,
        "The interests of minority shareholders": 8621,
        "Total Cost of profits": 15879,
        "Profit after tax corporate income": 21341,
        "Volume": 15323408,
        "Close of Quarter": 13.4,
        "EPS": 2002.9,
        "Non-adjusted EPS": 2990,
        "PE": 4.5,
        "Book Price": 12.5
      }
    },
    {
      "quarter": "Q3 2015",
      "income status": {
        "Net sales": 147301,
        "Cost of goods sold": 102791,
        "Gross Profit": 44510,
        "Financial expenses": 1688,
        "Of which: Interest expense": 772,
        "Cost of sales": 11444,
        "Enterprise cost management": 9750,
        "Total Operating Expenses": 22882,
        "Total revenue financing activities": -2366,
        "Net profit from business activities": 19262,
        "Profit": -63,
        "Profit before tax": 19199,
        "Present corporate income tax expenses": 3188,
        "Deferred income taxes expenses": 85,
        "The interests of minority shareholders": 7015,
        "Total Cost of profits": 10288,
        "Profit after tax corporate income": 8911,
        "Volume": 12769627,
        "Close of Quarter": 12.2,
        "EPS": 1550.2,
        "Non-adjusted EPS": 2777,
        "PE": 4.4,
        "Book Price": 11.2
      }
    },
    {
      "quarter": "Q2 2015",
      "income status": {
        "Net sales": 55603,
        "Cost of goods sold": 39508,
        "Gross Profit": 16095,
        "Financial expenses": 628,
        "Of which: Interest expense": 445,
        "Cost of sales": 7133,
        "Enterprise cost management": 8419,
        "Total Operating Expenses": 16180,
        "Total revenue financing activities": 3964,
        "Net profit from business activities": 3879,
        "Profit": -9,
        "Profit before tax": 3871,
        "Present corporate income tax expenses": 1550,
        "Deferred income taxes expenses": 8,
        "The interests of minority shareholders": 2038,
        "Total Cost of profits": 3596,
        "Profit after tax corporate income": 275,
        "Volume": 12769627,
        "Close of Quarter": 12.7,
        "EPS": 1168.9,
        "Non-adjusted EPS": 2094,
        "PE": 6.1,
        "Book Price": 10.2
      }
    },
    {
      "quarter": "Q1 2015",
      "income status": {
        "Net sales": 161705,
        "Cost of goods sold": 119354,
        "Gross Profit": 42351,
        "Financial expenses": 498,
        "Of which: Interest expense": 306,
        "Cost of sales": 12700,
        "Enterprise cost management": 17962,
        "Total Operating Expenses": 31160,
        "Total revenue financing activities": 3486,
        "Net profit from business activities": 14677,
        "Profit": 1458,
        "Profit before tax": 16136,
        "Present corporate income tax expenses": 2535,
        "Deferred income taxes expenses": -70,
        "The interests of minority shareholders": -1619,
        "Total Cost of profits": 846,
        "Profit after tax corporate income": 15290,
        "Volume": 12769627,
        "Close of Quarter": 8.5,
        "EPS": 1009.8,
        "Non-adjusted EPS": 1809,
        "PE": 4.7,
        "Book Price": 10.7
      }
    },
    {
      "quarter": "Q4 2014",
      "income status": {
        "Net sales": 124740,
        "Cost of goods sold": 83941,
        "Gross Profit": 40799,
        "Financial expenses": 700,
        "Of which: Interest expense": 542,
        "Cost of sales": 8962,
        "Enterprise cost management": 12102,
        "Total Operating Expenses": 21764,
        "Total revenue financing activities": 1595,
        "Net profit from business activities": 20629,
        "Profit": 85,
        "Profit before tax": 20714,
        "Present corporate income tax expenses": 3386,
        "Deferred income taxes expenses": 8,
        "The interests of minority shareholders": 6336,
        "Total Cost of profits": 9730,
        "Profit after tax corporate income": 10985,
        "Volume": 12769627,
        "Close of Quarter": 6.2,
        "EPS": 804.9,
        "Non-adjusted EPS": 1442,
        "PE": 4.3,
        "Book Price": 11.2
      }
    },
    {
      "quarter": "Q3 2014",
      "income status": {
        "Net sales": 85955,
        "Cost of goods sold": 64354,
        "Gross Profit": 21600,
        "Financial expenses": 1160,
        "Of which: Interest expense": 1188,
        "Cost of sales": 8250,
        "Enterprise cost management": 8680,
        "Total Operating Expenses": 18090,
        "Total revenue financing activities": 1622,
        "Net profit from business activities": 5132,
        "Profit": 357,
        "Profit before tax": 5489,
        "Present corporate income tax expenses": 1453,
        "Deferred income taxes expenses": -49,
        "The interests of minority shareholders": 3902,
        "Total Cost of profits": 5306,
        "Profit after tax corporate income": 184,
        "Volume": 12769627,
        "Close of Quarter": 7.7,
        "EPS": 517.5,
        "Non-adjusted EPS": 927,
        "PE": 8.3,
        "Book Price": 10.5
      }
    },
    {
      "quarter": "Q2 2014",
      "income status": {
        "Net sales": 74911,
        "Cost of goods sold": 57725,
        "Gross Profit": 17186,
        "Financial expenses": 1442,
        "Of which: Interest expense": 1209,
        "Cost of sales": 7615,
        "Enterprise cost management": 10216,
        "Total Operating Expenses": 19273,
        "Total revenue financing activities": 1369,
        "Net profit from business activities": -718,
        "Profit": -427,
        "Profit before tax": -1145,
        "Present corporate income tax expenses": 1035,
        "Deferred income taxes expenses": 9,
        "The interests of minority shareholders": 1177,
        "Total Cost of profits": 2221,
        "Profit after tax corporate income": -3365,
        "Volume": 12769627,
        "Close of Quarter": 4.5,
        "EPS": 454.4,
        "Non-adjusted EPS": 814,
        "PE": 5.6,
        "Book Price": 10.8
      }
    },
    {
      "quarter": "Q1 2014",
      "income status": {
        "Net sales": 115388,
        "Cost of goods sold": 80128,
        "Gross Profit": 35260,
        "Financial expenses": 599,
        "Of which: Interest expense": "N/A",
        "Cost of sales": 5230,
        "Enterprise cost management": 20000,
        "Total Operating Expenses": 25829,
        "Total revenue financing activities": 3429,
        "Net profit from business activities": 13528,
        "Profit": 5410,
        "Profit before tax": 18938,
        "Present corporate income tax expenses": 2049,
        "Deferred income taxes expenses": -135,
        "The interests of minority shareholders": 6421,
        "Total Cost of profits": 8335,
        "Profit after tax corporate income": 10604,
        "Volume": 12769627,
        "Close of Quarter": 5.2,
        "EPS": 465.6,
        "Non-adjusted EPS": 834,
        "PE": 6.2,
        "Book Price": 10.9
      }
    },
    {
      "quarter": "Q4 2013",
      "income status": {
        "Net sales": 125885,
        "Cost of goods sold": 97883,
        "Gross Profit": 28002,
        "Financial expenses": 1990,
        "Of which: Interest expense": 195,
        "Cost of sales": 8573,
        "Enterprise cost management": 11249,
        "Total Operating Expenses": 21812,
        "Total revenue financing activities": 682,
        "Net profit from business activities": 6872,
        "Profit": -1010,
        "Profit before tax": 5863,
        "Present corporate income tax expenses": 1186,
        "Deferred income taxes expenses": 20,
        "The interests of minority shareholders": 239,
        "Total Cost of profits": 1445,
        "Profit after tax corporate income": 4418,
        "Volume": 12769627,
        "Close of Quarter": 4.6,
        "EPS": -134.0,
        "Non-adjusted EPS": -240,
        "PE": -19.2,
        "Book Price": 9.5
      }
    },
    {
      "quarter": "Q3 2013",
      "income status": {
        "Net sales": 141619,
        "Cost of goods sold": 109892,
        "Gross Profit": 31727,
        "Financial expenses": 6062,
        "Of which: Interest expense": 9444,
        "Cost of sales": 9007,
        "Enterprise cost management": 11642,
        "Total Operating Expenses": 26711,
        "Total revenue financing activities": 3076,
        "Net profit from business activities": 8092,
        "Profit": 1982,
        "Profit before tax": 9568,
        "Present corporate income tax expenses": 4704,
        "Deferred income taxes expenses": -75,
        "The interests of minority shareholders": 6200,
        "Total Cost of profits": 10829,
        "Profit after tax corporate income": -1261,
        "Volume": 12769627,
        "Close of Quarter": 2.5,
        "EPS": 95.5,
        "Non-adjusted EPS": 171,
        "PE": 14.8,
        "Book Price": 9.3
      }
    },
    {
      "quarter": "Q2 2013",
      "income status": {
        "Net sales": 83523,
        "Cost of goods sold": 63288,
        "Gross Profit": 20235,
        "Financial expenses": 5074,
        "Of which: Interest expense": 7,
        "Cost of sales": 8705,
        "Enterprise cost management": 10646,
        "Total Operating Expenses": 24425,
        "Total revenue financing activities": 877,
        "Net profit from business activities": -3312,
        "Profit": -438,
        "Profit before tax": -3750,
        "Present corporate income tax expenses": 1007,
        "Deferred income taxes expenses": 51,
        "The interests of minority shareholders": -1695,
        "Total Cost of profits": -637,
        "Profit after tax corporate income": -3113,
        "Volume": 12769627,
        "Close of Quarter": 2.9,
        "EPS": 211,
        "Non-adjusted EPS": 378,
        "PE": 7.8,
        "Book Price": 9.3
      }
    },
    {
      "quarter": "Q1 2013",
      "income status": {
        "Net sales": 83523,
        "Cost of goods sold": 63288,
        "Gross Profit": 20235,
        "Financial expenses": 5074,
        "Of which: Interest expense": 8,
        "Cost of sales": 8705,
        "Enterprise cost management": 10646,
        "Total Operating Expenses": 24425,
        "Total revenue financing activities": 877,
        "Net profit from business activities": -3312,
        "Profit": -438,
        "Profit before tax": -3750,
        "Present corporate income tax expenses": 1007,
        "Deferred income taxes expenses": 51,
        "The interests of minority shareholders": -1695,
        "Total Cost of profits": -637,
        "Profit after tax corporate income": -3113,
        "Volume": 12769627,
        "Close of Quarter": 2.6,
        "EPS": 396.3,
        "Non-adjusted EPS": 710,
        "PE": 3.7,
        "Book Price": 9.3
      }
    },
    {
      "quarter": "Q4 2012",
      "income status": {
        "Net sales": 116538,
        "Cost of goods sold": 85636,
        "Gross Profit": 30902,
        "Financial expenses": 5724,
        "Of which: Interest expense": 2404,
        "Cost of sales": 12348,
        "Enterprise cost management": 13253,
        "Total Operating Expenses": 31325,
        "Total revenue financing activities": 39040,
        "Net profit from business activities": 38616,
        "Profit": -1887,
        "Profit before tax": 36729,
        "Present corporate income tax expenses": 14271,
        "Deferred income taxes expenses": 72,
        "The interests of minority shareholders": 12716,
        "Total Cost of profits": 27059,
        "Profit after tax corporate income": 9670,
        "Volume": 12769627,
        "Close of Quarter": 3.4,
        "EPS": 600.1,
        "Non-adjusted EPS": 1075,
        "PE": 3.2,
        "Book Price": 9.5
      }
    },
    {
      "quarter": "Q3 2012",
      "income status": {
        "Net sales": 136442,
        "Cost of goods sold": 108206,
        "Gross Profit": 28236,
        "Financial expenses": 7853,
        "Of which: Interest expense": 7623,
        "Cost of sales": 7112,
        "Enterprise cost management": 12456,
        "Total Operating Expenses": 27421,
        "Total revenue financing activities": 1231,
        "Net profit from business activities": 2046,
        "Profit": 728,
        "Profit before tax": 4928,
        "Present corporate income tax expenses": 2025,
        "Deferred income taxes expenses": 61,
        "The interests of minority shareholders": 1453,
        "Total Cost of profits": 3539,
        "Profit after tax corporate income": 1389,
        "Volume": 12769627,
        "Close of Quarter": 3.4,
        "EPS": 1032.7,
        "Non-adjusted EPS": 1850,
        "PE": 1.8,
        "Book Price": 8.9
      }
    },
    {
      "quarter": "Q2 2012",
      "income status": {
        "Net sales": 156324,
        "Cost of goods sold": 123115,
        "Gross Profit": 33208,
        "Financial expenses": 7985,
        "Of which: Interest expense": 6958,
        "Cost of sales": 10105,
        "Enterprise cost management": 13098,
        "Total Operating Expenses": 31188,
        "Total revenue financing activities": 2791,
        "Net profit from business activities": 4811,
        "Profit": -3313,
        "Profit before tax": 3652,
        "Present corporate income tax expenses": 2180,
        "Deferred income taxes expenses": -12,
        "The interests of minority shareholders": 364,
        "Total Cost of profits": 2532,
        "Profit after tax corporate income": 1120,
        "Volume": 12769627,
        "Close of Quarter": 6.4,
        "EPS": 1402.8,
        "Non-adjusted EPS": 2513,
        "PE": 2.6,
        "Book Price": 8.9
      }
    },
    {
      "quarter": "Q1 2012",
      "income status": {
        "Net sales": 112847,
        "Cost of goods sold": 84119,
        "Gross Profit": 28728,
        "Financial expenses": 6102,
        "Of which: Interest expense": 5696,
        "Cost of sales": 10347,
        "Enterprise cost management": 13652,
        "Total Operating Expenses": 30101,
        "Total revenue financing activities": 1352,
        "Net profit from business activities": -20,
        "Profit": -375,
        "Profit before tax": 1553,
        "Present corporate income tax expenses": 1716,
        "Deferred income taxes expenses": -253,
        "The interests of minority shareholders": -1458,
        "Total Cost of profits": 5,
        "Profit after tax corporate income": 1548,
        "Volume": 12769627,
        "Close of Quarter": 5.4,
        "EPS": 1500.5,
        "Non-adjusted EPS": 2688,
        "PE": 2.0,
        "Book Price": 9.4
      }
    },
    {
      "quarter": "Q4 2011",
      "income status": {
        "Net sales": 359211,
        "Cost of goods sold": 275411,
        "Gross Profit": 83800,
        "Financial expenses": 9866,
        "Of which: Interest expense": 11632,
        "Cost of sales": 15047,
        "Enterprise cost management": 23820,
        "Total Operating Expenses": 48733,
        "Total revenue financing activities": 1996,
        "Net profit from business activities": 37062,
        "Profit": 1165,
        "Profit before tax": 89562,
        "Present corporate income tax expenses": 5285,
        "Deferred income taxes expenses": -508,
        "The interests of minority shareholders": 16009,
        "Total Cost of profits": 20786,
        "Profit after tax corporate income": 19573,
        "Volume": 11608831,
        "Close of Quarter": 4.6,
        "EPS": 1975.6,
        "Non-adjusted EPS": 3893,
        "PE": 1.2,
        "Book Price": 9.6
      }
    },
    {
      "quarter": "Q3 2011",
      "income status": {
        "Net sales": 139133,
        "Cost of goods sold": 98952,
        "Gross Profit": 40182,
        "Financial expenses": 3174,
        "Of which: Interest expense": 183,
        "Cost of sales": 9895,
        "Enterprise cost management": 13248,
        "Total Operating Expenses": 26317,
        "Total revenue financing activities": 1341,
        "Net profit from business activities": 15205,
        "Profit": 385,
        "Profit before tax": 49203,
        "Present corporate income tax expenses": 1821,
        "Deferred income taxes expenses": -285,
        "The interests of minority shareholders": 5385,
        "Total Cost of profits": 6921,
        "Profit after tax corporate income": 9854,
        "Volume": 11610399,
        "Close of Quarter": 5.4,
        "EPS": 1760.2,
        "Non-adjusted EPS": 3468,
        "PE": 1.6,
        "Book Price": 8.8
      }
    },
    {
      "quarter": "Q1 2011",
      "income status": {
        "Net sales": 81193,
        "Cost of goods sold": 51605,
        "Gross Profit": 29587,
        "Financial expenses": 3224,
        "Of which: Interest expense": 404,
        "Cost of sales": 9285,
        "Enterprise cost management": 11494,
        "Total Operating Expenses": 24003,
        "Total revenue financing activities": 1247,
        "Net profit from business activities": 6832,
        "Profit": 389,
        "Profit before tax": 8181,
        "Present corporate income tax expenses": 1767,
        "Deferred income taxes expenses": "N/A",
        "The interests of minority shareholders": 3069,
        "Total Cost of profits": 4836,
        "Profit after tax corporate income": 3345,
        "Volume": 11610399,
        "Close of Quarter": 7.1,
        "EPS": 1863.7,
        "Non-adjusted EPS": 3672,
        "PE": 1.9,
        "Book Price": "N/A"
      }
    },
    {
      "quarter": "Q4 2010",
      "income status": {
        "Net sales": 246996,
        "Cost of goods sold": 160557,
        "Gross Profit": 86439,
        "Financial expenses": 6233,
        "Of which: Interest expense": 3534,
        "Cost of sales": 16353,
        "Enterprise cost management": 25019,
        "Total Operating Expenses": 47605,
        "Total revenue financing activities": -2612,
        "Net profit from business activities": 36222,
        "Profit": -1800,
        "Profit before tax": 33973,
        "Present corporate income tax expenses": 10826,
        "Deferred income taxes expenses": -759,
        "The interests of minority shareholders": 11483,
        "Total Cost of profits": 21550,
        "Profit after tax corporate income": 12422,
        "Volume": 11610399,
        "Close of Quarter": 9.0,
        "EPS": 1717,
        "Non-adjusted EPS": 3383,
        "PE": 2.7,
        "Book Price": 8.3
      }
    },
    {
      "quarter": "Q3 2010",
      "income status": {
        "Net sales": 143957,
        "Cost of goods sold": 106663,
        "Gross Profit": 37295,
        "Financial expenses": 3141,
        "Of which: Interest expense": 1148,
        "Cost of sales": 10269,
        "Enterprise cost management": 11322,
        "Total Operating Expenses": 24732,
        "Total revenue financing activities": 10061,
        "Net profit from business activities": 22623,
        "Profit": 97,
        "Profit before tax": 23834,
        "Present corporate income tax expenses": 2767,
        "Deferred income taxes expenses": "N/A",
        "The interests of minority shareholders": 6429,
        "Total Cost of profits": 9196,
        "Profit after tax corporate income": 14639,
        "Volume": 11610399,
        "Close of Quarter": 9.3,
        "EPS": 1174.5,
        "Non-adjusted EPS": 2314,
        "PE": 4.0,
        "Book Price": "N/A"
      }
    },
    {
      "quarter": "Q2 2009",
      "income status": {
        "Net sales": 255839,
        "Cost of goods sold": 173089,
        "Gross Profit": 82750,
        "Financial expenses": 9216,
        "Of which: Interest expense": 3684,
        "Cost of sales": 24241,
        "Enterprise cost management": 22761,
        "Total Operating Expenses": 56218,
        "Total revenue financing activities": 1384,
        "Net profit from business activities": 27916,
        "Profit": 115,
        "Profit before tax": 28031,
        "Present corporate income tax expenses": 4610,
        "Deferred income taxes expenses": 192,
        "The interests of minority shareholders": 11008,
        "Total Cost of profits": 15810,
        "Profit after tax corporate income": 12222,
        "Volume": 11610399,
        "Close of Quarter": "N/A",
        "EPS": 534.4,
        "Non-adjusted EPS": 1053,
        "PE": "N/A",
        "Book Price": 5.8
      }
    }
  ]
}