{
  "ticker": "CSV",
  "data": [
    {
      "quarter": "Q1 2017",
      "income status": {
        "Net sales": 312153,
        "Cost of goods sold": 217591,
        "Gross Profit": 94561,
        "Financial expenses": 1358,
        "Of which: Interest expense": 1348,
        "Cost of sales": 18509,
        "Enterprise cost management": 11564,
        "Total Operating Expenses": 31431,
        "Total revenue financing activities": 5389,
        "Net profit from business activities": 68520,
        "Profit": -1118,
        "Profit before tax": 67401,
        "Present corporate income tax expenses": 13804,
        "Deferred income taxes expenses": -44,
        "The interests of minority shareholders": 1646,
        "Total Cost of profits": 15406,
        "Profit after tax corporate income": 51995,
        "Volume": 44200000,
        "Close of Quarter": 27.6,
        "EPS": 3903,
        "Non-adjusted EPS": 3903,
        "PE": 7.1,
        "Book Price": 17.2
      }
    },
    {
      "quarter": "Q4 2016",
      "income status": {
        "Net sales": 336753,
        "Cost of goods sold": 245775,
        "Gross Profit": 90978,
        "Financial expenses": 1666,
        "Of which: Interest expense": 1594,
        "Cost of sales": 15668,
        "Enterprise cost management": 22817,
        "Total Operating Expenses": 40151,
        "Total revenue financing activities": 6242,
        "Net profit from business activities": 57069,
        "Profit": -2723,
        "Profit before tax": 54345,
        "Present corporate income tax expenses": 11706,
        "Deferred income taxes expenses": "N/A",
        "The interests of minority shareholders": -378,
        "Total Cost of profits": 11328,
        "Profit after tax corporate income": 43017,
        "Volume": 44200000,
        "Close of Quarter": 26.6,
        "EPS": 3755,
        "Non-adjusted EPS": 3755,
        "PE": 7.1,
        "Book Price": 16
      }
    },
    {
      "quarter": "Q3 2016",
      "income status": {
        "Net sales": 369392,
        "Cost of goods sold": 272588,
        "Gross Profit": 96805,
        "Financial expenses": 1940,
        "Of which: Interest expense": 1947,
        "Cost of sales": 19032,
        "Enterprise cost management": 40843,
        "Total Operating Expenses": 61815,
        "Total revenue financing activities": 4950,
        "Net profit from business activities": 39939,
        "Profit": -3728,
        "Profit before tax": 36212,
        "Present corporate income tax expenses": 12548,
        "Deferred income taxes expenses": 18,
        "The interests of minority shareholders": -7862,
        "Total Cost of profits": 4704,
        "Profit after tax corporate income": 31507,
        "Volume": 44200000,
        "Close of Quarter": 29.8,
        "EPS": 3584,
        "Non-adjusted EPS": 3584,
        "PE": 8.3,
        "Book Price": 15.8
      }
    },
    {
      "quarter": "Q2 2016",
      "income status": {
        "Net sales": 435287,
        "Cost of goods sold": 326802,
        "Gross Profit": 108485,
        "Financial expenses": 2383,
        "Of which: Interest expense": 2349,
        "Cost of sales": 21892,
        "Enterprise cost management": 21433,
        "Total Operating Expenses": 45708,
        "Total revenue financing activities": 4637,
        "Net profit from business activities": 67414,
        "Profit": -3743,
        "Profit before tax": 63671,
        "Present corporate income tax expenses": 13624,
        "Deferred income taxes expenses": -58,
        "The interests of minority shareholders": 4113,
        "Total Cost of profits": 17679,
        "Profit after tax corporate income": 45992,
        "Volume": 44200000,
        "Close of Quarter": 22.7,
        "EPS": 3631,
        "Non-adjusted EPS": 3631,
        "PE": 6.3,
        "Book Price": 15.2
      }
    },
    {
      "quarter": "Q1 2016",
      "income status": {
        "Net sales": 400452,
        "Cost of goods sold": 296699,
        "Gross Profit": 103753,
        "Financial expenses": 2798,
        "Of which: Interest expense": 2196,
        "Cost of sales": 20111,
        "Enterprise cost management": 16668,
        "Total Operating Expenses": 39577,
        "Total revenue financing activities": 3531,
        "Net profit from business activities": 67706,
        "Profit": -2900,
        "Profit before tax": 64806,
        "Present corporate income tax expenses": 13649,
        "Deferred income taxes expenses": 18,
        "The interests of minority shareholders": 5671,
        "Total Cost of profits": 19338,
        "Profit after tax corporate income": 45468,
        "Volume": 44200000,
        "Close of Quarter": 21.5,
        "EPS": 3001,
        "Non-adjusted EPS": 3001,
        "PE": 7.2,
        "Book Price": 15.3
      }
    },
    {
      "quarter": "Q4 2015",
      "income status": {
        "Net sales": 386912,
        "Cost of goods sold": 303157,
        "Gross Profit": 83755,
        "Financial expenses": 2619,
        "Of which: Interest expense": 1656,
        "Cost of sales": 14227,
        "Enterprise cost management": 16808,
        "Total Operating Expenses": 33654,
        "Total revenue financing activities": 2601,
        "Net profit from business activities": 52702,
        "Profit": -2641,
        "Profit before tax": 50061,
        "Present corporate income tax expenses": 11311,
        "Deferred income taxes expenses": -87,
        "The interests of minority shareholders": 3375,
        "Total Cost of profits": 14599,
        "Profit after tax corporate income": 35463,
        "Volume": 44200000,
        "Close of Quarter": 19.1,
        "EPS": 3023,
        "Non-adjusted EPS": 3023,
        "PE": 6.3,
        "Book Price": 14.1
      }
    },
    {
      "quarter": "Q3 2015",
      "income status": {
        "Net sales": 389829,
        "Cost of goods sold": 303222,
        "Gross Profit": 86607,
        "Financial expenses": 2622,
        "Of which: Interest expense": 1487,
        "Cost of sales": 19291,
        "Enterprise cost management": 14986,
        "Total Operating Expenses": 36899,
        "Total revenue financing activities": 3490,
        "Net profit from business activities": 53199,
        "Profit": -3614,
        "Profit before tax": 49584,
        "Present corporate income tax expenses": 11872,
        "Deferred income taxes expenses": 99,
        "The interests of minority shareholders": 4059,
        "Total Cost of profits": 16030,
        "Profit after tax corporate income": 33555,
        "Volume": 44200000,
        "Close of Quarter": 17.9,
        "EPS": 3265,
        "Non-adjusted EPS": 3265,
        "PE": 5.5,
        "Book Price": 13.2
      }
    },
    {
      "quarter": "Q2 2015",
      "income status": {
        "Net sales": 409632,
        "Cost of goods sold": 327953,
        "Gross Profit": 81678,
        "Financial expenses": 3427,
        "Of which: Interest expense": 1913,
        "Cost of sales": 21766,
        "Enterprise cost management": 20642,
        "Total Operating Expenses": 45835,
        "Total revenue financing activities": 4016,
        "Net profit from business activities": 39860,
        "Profit": -7741,
        "Profit before tax": 32119,
        "Present corporate income tax expenses": 8881,
        "Deferred income taxes expenses": 88,
        "The interests of minority shareholders": 5006,
        "Total Cost of profits": 13975,
        "Profit after tax corporate income": 18145,
        "Volume": 44200000,
        "Close of Quarter": 20.3,
        "EPS": 3365,
        "Non-adjusted EPS": 3365,
        "PE": 6.0,
        "Book Price": 13.4
      }
    },
    {
      "quarter": "Q1 2015",
      "income status": {
        "Net sales": 360012,
        "Cost of goods sold": 266659,
        "Gross Profit": 93353,
        "Financial expenses": 2312,
        "Of which: Interest expense": 2292,
        "Cost of sales": 10867,
        "Enterprise cost management": 16384,
        "Total Operating Expenses": 29563,
        "Total revenue financing activities": 1682,
        "Net profit from business activities": 65471,
        "Profit": -85,
        "Profit before tax": 65386,
        "Present corporate income tax expenses": 14655,
        "Deferred income taxes expenses": 87,
        "The interests of minority shareholders": 4176,
        "Total Cost of profits": 18918,
        "Profit after tax corporate income": 46468,
        "Volume": 44200000,
        "Close of Quarter": 16.6,
        "EPS": 3707,
        "Non-adjusted EPS": 3707,
        "PE": 4.5,
        "Book Price": 15.2
      }
    },
    {
      "quarter": "Q4 2014",
      "income status": {
        "Net sales": 397252,
        "Cost of goods sold": 267617,
        "Gross Profit": 129635,
        "Financial expenses": 3009,
        "Of which: Interest expense": 2192,
        "Cost of sales": 22372,
        "Enterprise cost management": 29171,
        "Total Operating Expenses": 54552,
        "Total revenue financing activities": 2821,
        "Net profit from business activities": 77903,
        "Profit": 37,
        "Profit before tax": 77941,
        "Present corporate income tax expenses": 20596,
        "Deferred income taxes expenses": "N/A",
        "The interests of minority shareholders": 11221,
        "Total Cost of profits": 31817,
        "Profit after tax corporate income": 46124,
        "Volume": 44200000,
        "Close of Quarter": "N/A",
        "EPS": 3215,
        "Non-adjusted EPS": 3215,
        "PE": "N/A",
        "Book Price": 14.2
      }
    },
    {
      "quarter": "Q3 2014",
      "income status": {
        "Net sales": 398914,
        "Cost of goods sold": 316987,
        "Gross Profit": 81927,
        "Financial expenses": 3261,
        "Of which: Interest expense": 3103,
        "Cost of sales": 12320,
        "Enterprise cost management": 17480,
        "Total Operating Expenses": 33061,
        "Total revenue financing activities": 1819,
        "Net profit from business activities": 50685,
        "Profit": 295,
        "Profit before tax": 50980,
        "Present corporate income tax expenses": 11220,
        "Deferred income taxes expenses": "N/A",
        "The interests of minority shareholders": 1753,
        "Total Cost of profits": 12973,
        "Profit after tax corporate income": 38007,
        "Volume": 44200000,
        "Close of Quarter": "N/A",
        "EPS": 2171,
        "Non-adjusted EPS": 2171,
        "PE": "N/A",
        "Book Price": 12.9
      }
    },
    {
      "quarter": "Q2 2014",
      "income status": {
        "Net sales": 388591,
        "Cost of goods sold": 303660,
        "Gross Profit": 84931,
        "Financial expenses": 4610,
        "Of which: Interest expense": 4489,
        "Cost of sales": 14231,
        "Enterprise cost management": 26566,
        "Total Operating Expenses": 45407,
        "Total revenue financing activities": 992,
        "Net profit from business activities": 40515,
        "Profit": 1688,
        "Profit before tax": 42203,
        "Present corporate income tax expenses": 8970,
        "Deferred income taxes expenses": "N/A",
        "The interests of minority shareholders": "N/A",
        "Total Cost of profits": 8970,
        "Profit after tax corporate income": 33233,
        "Volume": 44200000,
        "Close of Quarter": "N/A",
        "EPS": 1311,
        "Non-adjusted EPS": 1311,
        "PE": "N/A",
        "Book Price": 12
      }
    },
    {
      "quarter": "Q1 2014",
      "income status": {
        "Net sales": 368718,
        "Cost of goods sold": 291091,
        "Gross Profit": 77627,
        "Financial expenses": 5068,
        "Of which: Interest expense": 5066,
        "Cost of sales": 8063,
        "Enterprise cost management": 17364,
        "Total Operating Expenses": 30495,
        "Total revenue financing activities": 1043,
        "Net profit from business activities": 48176,
        "Profit": 23,
        "Profit before tax": 48199,
        "Present corporate income tax expenses": 19276,
        "Deferred income taxes expenses": 3,
        "The interests of minority shareholders": 4204,
        "Total Cost of profits": 23483,
        "Profit after tax corporate income": 24717,
        "Volume": 44200000,
        "Close of Quarter": "N/A",
        "EPS": 559,
        "Non-adjusted EPS": 559,
        "PE": "N/A",
        "Book Price": "N/A"
      }
    }
  ]
}