{
  "ticker": "PGD",
  "data": [
    {
      "quarter": "Q1 2017",
      "income status": {
        "Net sales": 1479216,
        "Cost of goods sold": 1316176,
        "Gross Profit": 163040,
        "Financial expenses": 2083,
        "Of which: Interest expense": 2083,
        "Cost of sales": 122766,
        "Enterprise cost management": 8790,
        "Total Operating Expenses": 133639,
        "Total revenue financing activities": 3654,
        "Net profit from business activities": 33054,
        "Profit": 5501,
        "Profit before tax": 38555,
        "Present corporate income tax expenses": 7924,
        "Deferred income taxes expenses": "N/A",
        "The interests of minority shareholders": "N/A",
        "Total Cost of profits": 7924,
        "Profit after tax corporate income": 30631,
        "Volume": 89999025,
        "Close of Quarter": 37.4,
        "EPS": 1863,
        "Non-adjusted EPS": 1863,
        "PE": 20.1,
        "Book Price": 15.6
      }
    },
    {
      "quarter": "Q4 2016",
      "income status": {
        "Net sales": 1463461,
        "Cost of goods sold": 1312480,
        "Gross Profit": 150981,
        "Financial expenses": 4762,
        "Of which: Interest expense": 4762,
        "Cost of sales": 120250,
        "Enterprise cost management": 23907,
        "Total Operating Expenses": 148919,
        "Total revenue financing activities": 4863,
        "Net profit from business activities": 6925,
        "Profit": 20,
        "Profit before tax": 6944,
        "Present corporate income tax expenses": 1623,
        "Deferred income taxes expenses": "N/A",
        "The interests of minority shareholders": "N/A",
        "Total Cost of profits": 1623,
        "Profit after tax corporate income": 5321,
        "Volume": 89999025,
        "Close of Quarter": 37.6,
        "EPS": 2438,
        "Non-adjusted EPS": 2438,
        "PE": 15.4,
        "Book Price": 15.4
      }
    },
    {
      "quarter": "Q3 2016",
      "income status": {
        "Net sales": 1212984,
        "Cost of goods sold": 1050232,
        "Gross Profit": 162752,
        "Financial expenses": 4815,
        "Of which: Interest expense": 4815,
        "Cost of sales": 120431,
        "Enterprise cost management": 18492,
        "Total Operating Expenses": 143738,
        "Total revenue financing activities": 4678,
        "Net profit from business activities": 23692,
        "Profit": 34,
        "Profit before tax": 23727,
        "Present corporate income tax expenses": 4959,
        "Deferred income taxes expenses": "N/A",
        "The interests of minority shareholders": "N/A",
        "Total Cost of profits": 4959,
        "Profit after tax corporate income": 18767,
        "Volume": 89999025,
        "Close of Quarter": 41.2,
        "EPS": 2907,
        "Non-adjusted EPS": 2907,
        "PE": 14.2,
        "Book Price": 15.3
      }
    },
    {
      "quarter": "Q2 2016",
      "income status": {
        "Net sales": 1138245,
        "Cost of goods sold": 877344,
        "Gross Profit": 260901,
        "Financial expenses": 4533,
        "Of which: Interest expense": 4533,
        "Cost of sales": 103801,
        "Enterprise cost management": 14429,
        "Total Operating Expenses": 122763,
        "Total revenue financing activities": 3563,
        "Net profit from business activities": 141700,
        "Profit": 21,
        "Profit before tax": 141721,
        "Present corporate income tax expenses": 28786,
        "Deferred income taxes expenses": "N/A",
        "The interests of minority shareholders": "N/A",
        "Total Cost of profits": 28786,
        "Profit after tax corporate income": 112935,
        "Volume": 89999025,
        "Close of Quarter": 45.4,
        "EPS": 2906,
        "Non-adjusted EPS": 2906,
        "PE": 15.6,
        "Book Price": 16.2
      }
    },
    {
      "quarter": "Q1 2016",
      "income status": {
        "Net sales": 889468,
        "Cost of goods sold": 643124,
        "Gross Profit": 246344,
        "Financial expenses": 4349,
        "Of which: Interest expense": 4349,
        "Cost of sales": 120316,
        "Enterprise cost management": 21008,
        "Total Operating Expenses": 145673,
        "Total revenue financing activities": 2559,
        "Net profit from business activities": 103229,
        "Profit": "N/A",
        "Profit before tax": 103229,
        "Present corporate income tax expenses": 20875,
        "Deferred income taxes expenses": "N/A",
        "The interests of minority shareholders": "N/A",
        "Total Cost of profits": 20875,
        "Profit after tax corporate income": 82354,
        "Volume": 89999025,
        "Close of Quarter": 37.2,
        "EPS": 2687,
        "Non-adjusted EPS": 2687,
        "PE": 13.9,
        "Book Price": 15
      }
    },
    {
      "quarter": "Q4 2015",
      "income status": {
        "Net sales": 1187740,
        "Cost of goods sold": 1002710,
        "Gross Profit": 185031,
        "Financial expenses": 2703,
        "Of which: Interest expense": "N/A",
        "Cost of sales": 104049,
        "Enterprise cost management": 17589,
        "Total Operating Expenses": 124341,
        "Total revenue financing activities": 3458,
        "Net profit from business activities": 64146,
        "Profit": -2274,
        "Profit before tax": 61872,
        "Present corporate income tax expenses": 14345,
        "Deferred income taxes expenses": "N/A",
        "The interests of minority shareholders": "N/A",
        "Total Cost of profits": 14345,
        "Profit after tax corporate income": 47527,
        "Volume": 60000000,
        "Close of Quarter": 34.0,
        "EPS": 2647.4,
        "Non-adjusted EPS": 3971,
        "PE": 8.6,
        "Book Price": 14.1
      }
    },
    {
      "quarter": "Q3 2015",
      "income status": {
        "Net sales": 1199674,
        "Cost of goods sold": 1042694,
        "Gross Profit": 156980,
        "Financial expenses": 1857,
        "Of which: Interest expense": "N/A",
        "Cost of sales": 95942,
        "Enterprise cost management": 36990,
        "Total Operating Expenses": 134789,
        "Total revenue financing activities": 3557,
        "Net profit from business activities": 25748,
        "Profit": -759,
        "Profit before tax": 24989,
        "Present corporate income tax expenses": 6256,
        "Deferred income taxes expenses": "N/A",
        "The interests of minority shareholders": "N/A",
        "Total Cost of profits": 6256,
        "Profit after tax corporate income": 18733,
        "Volume": 60000000,
        "Close of Quarter": 26.3,
        "EPS": 2270.7,
        "Non-adjusted EPS": 3406,
        "PE": 7.7,
        "Book Price": 14.3
      }
    },
    {
      "quarter": "Q2 2015",
      "income status": {
        "Net sales": 1361978,
        "Cost of goods sold": 1183831,
        "Gross Profit": 178147,
        "Financial expenses": 71,
        "Of which: Interest expense": 71,
        "Cost of sales": 42670,
        "Enterprise cost management": 20671,
        "Total Operating Expenses": 63412,
        "Total revenue financing activities": 5516,
        "Net profit from business activities": 120251,
        "Profit": 7,
        "Profit before tax": 120257,
        "Present corporate income tax expenses": 27041,
        "Deferred income taxes expenses": "N/A",
        "The interests of minority shareholders": "N/A",
        "Total Cost of profits": 27041,
        "Profit after tax corporate income": 93216,
        "Volume": 60000000,
        "Close of Quarter": 19.9,
        "EPS": 2791.4,
        "Non-adjusted EPS": 4187,
        "PE": 4.7,
        "Book Price": 14.1
      }
    },
    {
      "quarter": "Q1 2015",
      "income status": {
        "Net sales": 1185790,
        "Cost of goods sold": 973345,
        "Gross Profit": 212444,
        "Financial expenses": "N/A",
        "Of which: Interest expense": "N/A",
        "Cost of sales": 96435,
        "Enterprise cost management": 19444,
        "Total Operating Expenses": 115879,
        "Total revenue financing activities": 4748,
        "Net profit from business activities": 101313,
        "Profit": -163,
        "Profit before tax": 101151,
        "Present corporate income tax expenses": 22392,
        "Deferred income taxes expenses": "N/A",
        "The interests of minority shareholders": "N/A",
        "Total Cost of profits": 22392,
        "Profit after tax corporate income": 78759,
        "Volume": 60000000,
        "Close of Quarter": 16.5,
        "EPS": 2311.4,
        "Non-adjusted EPS": 3467,
        "PE": 4.8,
        "Book Price": 13.7
      }
    },
    {
      "quarter": "Q4 2014",
      "income status": {
        "Net sales": 1886836,
        "Cost of goods sold": 1760916,
        "Gross Profit": 125920,
        "Financial expenses": "N/A",
        "Of which: Interest expense": "N/A",
        "Cost of sales": 64838,
        "Enterprise cost management": 49813,
        "Total Operating Expenses": 114651,
        "Total revenue financing activities": 7297,
        "Net profit from business activities": 18566,
        "Profit": 202,
        "Profit before tax": 18769,
        "Present corporate income tax expenses": 5145,
        "Deferred income taxes expenses": "N/A",
        "The interests of minority shareholders": "N/A",
        "Total Cost of profits": 5145,
        "Profit after tax corporate income": 13624,
        "Volume": 60000000,
        "Close of Quarter": 18.2,
        "EPS": 1838.7,
        "Non-adjusted EPS": 2758,
        "PE": 6.6,
        "Book Price": 12.9
      }
    },
    {
      "quarter": "Q3 2014",
      "income status": {
        "Net sales": 1863728,
        "Cost of goods sold": 1723552,
        "Gross Profit": 140176,
        "Financial expenses": "N/A",
        "Of which: Interest expense": "N/A",
        "Cost of sales": 54233,
        "Enterprise cost management": 6535,
        "Total Operating Expenses": 60768,
        "Total revenue financing activities": 5763,
        "Net profit from business activities": 85172,
        "Profit": -791,
        "Profit before tax": 84381,
        "Present corporate income tax expenses": 18761,
        "Deferred income taxes expenses": "N/A",
        "The interests of minority shareholders": "N/A",
        "Total Cost of profits": 18761,
        "Profit after tax corporate income": 65620,
        "Volume": 60000000,
        "Close of Quarter": 20.3,
        "EPS": 1757.4,
        "Non-adjusted EPS": 2636,
        "PE": 7.7,
        "Book Price": 13.9
      }
    },
    {
      "quarter": "Q2 2014",
      "income status": {
        "Net sales": 1749111,
        "Cost of goods sold": 1626722,
        "Gross Profit": 122389,
        "Financial expenses": "N/A",
        "Of which: Interest expense": "N/A",
        "Cost of sales": 52645,
        "Enterprise cost management": 10562,
        "Total Operating Expenses": 63207,
        "Total revenue financing activities": 5011,
        "Net profit from business activities": 64193,
        "Profit": 43,
        "Profit before tax": 64236,
        "Present corporate income tax expenses": 14190,
        "Deferred income taxes expenses": "N/A",
        "The interests of minority shareholders": "N/A",
        "Total Cost of profits": 14190,
        "Profit after tax corporate income": 50046,
        "Volume": 42900000,
        "Close of Quarter": 21.0,
        "EPS": 1695.1,
        "Non-adjusted EPS": 3556,
        "PE": 5.9,
        "Book Price": 12.3
      }
    },
    {
      "quarter": "Q1 2014",
      "income status": {
        "Net sales": 1465261,
        "Cost of goods sold": 1365762,
        "Gross Profit": 99500,
        "Financial expenses": "N/A",
        "Of which: Interest expense": "N/A",
        "Cost of sales": 46841,
        "Enterprise cost management": 9374,
        "Total Operating Expenses": 56215,
        "Total revenue financing activities": 3188,
        "Net profit from business activities": 46473,
        "Profit": -49,
        "Profit before tax": 46424,
        "Present corporate income tax expenses": 10220,
        "Deferred income taxes expenses": "N/A",
        "The interests of minority shareholders": "N/A",
        "Total Cost of profits": 10220,
        "Profit after tax corporate income": 36204,
        "Volume": 42900000,
        "Close of Quarter": 19.6,
        "EPS": 2044.0,
        "Non-adjusted EPS": 4288,
        "PE": 4.6,
        "Book Price": 11.8
      }
    },
    {
      "quarter": "Q4 2013",
      "income status": {
        "Net sales": 1653602,
        "Cost of goods sold": 1538087,
        "Gross Profit": 115515,
        "Financial expenses": "N/A",
        "Of which: Interest expense": "N/A",
        "Cost of sales": 61937,
        "Enterprise cost management": 49445,
        "Total Operating Expenses": 111382,
        "Total revenue financing activities": 6161,
        "Net profit from business activities": 10293,
        "Profit": -143,
        "Profit before tax": 10150,
        "Present corporate income tax expenses": 3862,
        "Deferred income taxes expenses": "N/A",
        "The interests of minority shareholders": "N/A",
        "Total Cost of profits": 3862,
        "Profit after tax corporate income": 6288,
        "Volume": 42900000,
        "Close of Quarter": 15.9,
        "EPS": 2323.3,
        "Non-adjusted EPS": 4874,
        "PE": 3.3,
        "Book Price": 11.4
      }
    },
    {
      "quarter": "Q3 2013",
      "income status": {
        "Net sales": 1721095,
        "Cost of goods sold": 1598548,
        "Gross Profit": 122547,
        "Financial expenses": "N/A",
        "Of which: Interest expense": "N/A",
        "Cost of sales": 40074,
        "Enterprise cost management": 6657,
        "Total Operating Expenses": 46731,
        "Total revenue financing activities": 4220,
        "Net profit from business activities": 80036,
        "Profit": "N/A",
        "Profit before tax": 80036,
        "Present corporate income tax expenses": 20018,
        "Deferred income taxes expenses": "N/A",
        "The interests of minority shareholders": "N/A",
        "Total Cost of profits": 20018,
        "Profit after tax corporate income": 60018,
        "Volume": 42900000,
        "Close of Quarter": 13.1,
        "EPS": 2412.0,
        "Non-adjusted EPS": 5060,
        "PE": 2.6,
        "Book Price": 11.8
      }
    },
    {
      "quarter": "Q2 2013",
      "income status": {
        "Net sales": 1643558,
        "Cost of goods sold": 1485462,
        "Gross Profit": 158097,
        "Financial expenses": "N/A",
        "Of which: Interest expense": "N/A",
        "Cost of sales": 45926,
        "Enterprise cost management": 8359,
        "Total Operating Expenses": 54285,
        "Total revenue financing activities": 5461,
        "Net profit from business activities": 109272,
        "Profit": 5,
        "Profit before tax": 109278,
        "Present corporate income tax expenses": 27838,
        "Deferred income taxes expenses": "N/A",
        "The interests of minority shareholders": "N/A",
        "Total Cost of profits": 27838,
        "Profit after tax corporate income": 81439,
        "Volume": 42900000,
        "Close of Quarter": 10.6,
        "EPS": -765.1,
        "Non-adjusted EPS": -1605,
        "PE": -6.6,
        "Book Price": 11.6
      }
    },
    {
      "quarter": "Q1 2013",
      "income status": {
        "Net sales": 1403885,
        "Cost of goods sold": 1280993,
        "Gross Profit": 122892,
        "Financial expenses": "N/A",
        "Of which: Interest expense": "N/A",
        "Cost of sales": 43522,
        "Enterprise cost management": 5884,
        "Total Operating Expenses": 49406,
        "Total revenue financing activities": 8397,
        "Net profit from business activities": 81883,
        "Profit": -77,
        "Profit before tax": 81806,
        "Present corporate income tax expenses": 20452,
        "Deferred income taxes expenses": "N/A",
        "The interests of minority shareholders": "N/A",
        "Total Cost of profits": 20452,
        "Profit after tax corporate income": 61355,
        "Volume": 42900000,
        "Close of Quarter": 12.0,
        "EPS": 1495.3,
        "Non-adjusted EPS": 3137,
        "PE": 3.8,
        "Book Price": 11.7
      }
    },
    {
      "quarter": "Q4 2012",
      "income status": {
        "Net sales": 1429528,
        "Cost of goods sold": 1346869,
        "Gross Profit": 82659,
        "Financial expenses": "N/A",
        "Of which: Interest expense": "N/A",
        "Cost of sales": 57794,
        "Enterprise cost management": 18417,
        "Total Operating Expenses": 76211,
        "Total revenue financing activities": 12494,
        "Net profit from business activities": 18942,
        "Profit": 67,
        "Profit before tax": 19009,
        "Present corporate income tax expenses": 4752,
        "Deferred income taxes expenses": "N/A",
        "The interests of minority shareholders": "N/A",
        "Total Cost of profits": 4752,
        "Profit after tax corporate income": 14257,
        "Volume": 42900000,
        "Close of Quarter": 10.9,
        "EPS": 1906.2,
        "Non-adjusted EPS": 3999,
        "PE": 2.7,
        "Book Price": 11.1
      }
    },
    {
      "quarter": "Q3 2012",
      "income status": {
        "Net sales": 1410288,
        "Cost of goods sold": 1596894,
        "Gross Profit": -186606,
        "Financial expenses": "N/A",
        "Of which: Interest expense": "N/A",
        "Cost of sales": 36841,
        "Enterprise cost management": 14179,
        "Total Operating Expenses": 51020,
        "Total revenue financing activities": 11726,
        "Net profit from business activities": -225900,
        "Profit": 4,
        "Profit before tax": -225896,
        "Present corporate income tax expenses": "N/A",
        "Deferred income taxes expenses": "N/A",
        "The interests of minority shareholders": "N/A",
        "Total Cost of profits": 0,
        "Profit after tax corporate income": -225896,
        "Volume": 42900000,
        "Close of Quarter": 14.0,
        "EPS": 2280.9,
        "Non-adjusted EPS": 4785,
        "PE": 2.9,
        "Book Price": 10.8
      }
    },
    {
      "quarter": "Q2 2012",
      "income status": {
        "Net sales": 1619649,
        "Cost of goods sold": 1199529,
        "Gross Profit": 420120,
        "Financial expenses": "N/A",
        "Of which: Interest expense": "N/A",
        "Cost of sales": 39267,
        "Enterprise cost management": 14101,
        "Total Operating Expenses": 53368,
        "Total revenue financing activities": 13093,
        "Net profit from business activities": 379845,
        "Profit": "N/A",
        "Profit before tax": 379845,
        "Present corporate income tax expenses": 94981,
        "Deferred income taxes expenses": "N/A",
        "The interests of minority shareholders": "N/A",
        "Total Cost of profits": 94981,
        "Profit after tax corporate income": 284864,
        "Volume": 42900000,
        "Close of Quarter": 12,
        "EPS": 5642.4,
        "Non-adjusted EPS": 11837,
        "PE": 1.0,
        "Book Price": 13.3
      }
    },
    {
      "quarter": "Q1 2012",
      "income status": {
        "Net sales": 1028110,
        "Cost of goods sold": 868816,
        "Gross Profit": 159295,
        "Financial expenses": "N/A",
        "Of which: Interest expense": "N/A",
        "Cost of sales": 31206,
        "Enterprise cost management": 9306,
        "Total Operating Expenses": 40512,
        "Total revenue financing activities": 12323,
        "Net profit from business activities": 131106,
        "Profit": "N/A",
        "Profit before tax": 131106,
        "Present corporate income tax expenses": 32776,
        "Deferred income taxes expenses": "N/A",
        "The interests of minority shareholders": "N/A",
        "Total Cost of profits": 32776,
        "Profit after tax corporate income": 98329,
        "Volume": 42900000,
        "Close of Quarter": 11.1,
        "EPS": 3263.8,
        "Non-adjusted EPS": 6847,
        "PE": 1.6,
        "Book Price": 10.9
      }
    },
    {
      "quarter": "Q4 2011",
      "income status": {
        "Net sales": 1909252,
        "Cost of goods sold": 1824732,
        "Gross Profit": 84520,
        "Financial expenses": "N/A",
        "Of which: Interest expense": "N/A",
        "Cost of sales": 28795,
        "Enterprise cost management": 8201,
        "Total Operating Expenses": 36996,
        "Total revenue financing activities": 14607,
        "Net profit from business activities": 62130,
        "Profit": 1686,
        "Profit before tax": 63816,
        "Present corporate income tax expenses": 15831,
        "Deferred income taxes expenses": "N/A",
        "The interests of minority shareholders": "N/A",
        "Total Cost of profits": 15831,
        "Profit after tax corporate income": 47986,
        "Volume": 42900000,
        "Close of Quarter": 10.6,
        "EPS": 3375.3,
        "Non-adjusted EPS": 7081,
        "PE": 1.5,
        "Book Price": 9.8
      }
    },
    {
      "quarter": "Q3 2011",
      "income status": {
        "Net sales": 849665,
        "Cost of goods sold": 712255,
        "Gross Profit": 137410,
        "Financial expenses": "N/A",
        "Of which: Interest expense": "N/A",
        "Cost of sales": 35462,
        "Enterprise cost management": 6113,
        "Total Operating Expenses": 41575,
        "Total revenue financing activities": 6322,
        "Net profit from business activities": 102156,
        "Profit": "N/A",
        "Profit before tax": 102157,
        "Present corporate income tax expenses": 25539,
        "Deferred income taxes expenses": "N/A",
        "The interests of minority shareholders": "N/A",
        "Total Cost of profits": 25539,
        "Profit after tax corporate income": 76618,
        "Volume": 42900000,
        "Close of Quarter": 12.5,
        "EPS": 3606.0,
        "Non-adjusted EPS": 7565,
        "PE": 1.7,
        "Book Price": 9.3
      }
    },
    {
      "quarter": "Q2 2011",
      "income status": {
        "Net sales": 795404,
        "Cost of goods sold": 664619,
        "Gross Profit": 130785,
        "Financial expenses": "N/A",
        "Of which: Interest expense": "N/A",
        "Cost of sales": 33414,
        "Enterprise cost management": 9413,
        "Total Operating Expenses": 42827,
        "Total revenue financing activities": 6638,
        "Net profit from business activities": 94595,
        "Profit": 1,
        "Profit before tax": 94596,
        "Present corporate income tax expenses": 23670,
        "Deferred income taxes expenses": 144,
        "The interests of minority shareholders": "N/A",
        "Total Cost of profits": 23814,
        "Profit after tax corporate income": 70782,
        "Volume": 42900000,
        "Close of Quarter": 11.6,
        "EPS": 3451.6,
        "Non-adjusted EPS": 7241,
        "PE": 1.6,
        "Book Price": 9.2
      }
    },
    {
      "quarter": "Q1 2011",
      "income status": {
        "Net sales": 722329,
        "Cost of goods sold": 546418,
        "Gross Profit": 175912,
        "Financial expenses": "N/A",
        "Of which: Interest expense": "N/A",
        "Cost of sales": 31325,
        "Enterprise cost management": 4466,
        "Total Operating Expenses": 35791,
        "Total revenue financing activities": 4381,
        "Net profit from business activities": 144501,
        "Profit": "N/A",
        "Profit before tax": 144501,
        "Present corporate income tax expenses": 36125,
        "Deferred income taxes expenses": "N/A",
        "The interests of minority shareholders": "N/A",
        "Total Cost of profits": 36125,
        "Profit after tax corporate income": 108376,
        "Volume": 42862230,
        "Close of Quarter": 12.2,
        "EPS": 3215.2,
        "Non-adjusted EPS": 6751,
        "PE": 1.8,
        "Book Price": 8.4
      }
    },
    {
      "quarter": "Q4 2010",
      "income status": {
        "Net sales": 620901,
        "Cost of goods sold": 489487,
        "Gross Profit": 131415,
        "Financial expenses": "N/A",
        "Of which: Interest expense": "N/A",
        "Cost of sales": 35913,
        "Enterprise cost management": 8260,
        "Total Operating Expenses": 44173,
        "Total revenue financing activities": 4485,
        "Net profit from business activities": 91727,
        "Profit": 1,
        "Profit before tax": 91728,
        "Present corporate income tax expenses": 21743,
        "Deferred income taxes expenses": 1209,
        "The interests of minority shareholders": "N/A",
        "Total Cost of profits": 22952,
        "Profit after tax corporate income": 68775,
        "Volume": 42862230,
        "Close of Quarter": 11.7,
        "EPS": 2410.3,
        "Non-adjusted EPS": 5061,
        "PE": 2.3,
        "Book Price": 8
      }
    },
    {
      "quarter": "Q3 2010",
      "income status": {
        "Net sales": 556160,
        "Cost of goods sold": 443285,
        "Gross Profit": 112875,
        "Financial expenses": "N/A",
        "Of which: Interest expense": "N/A",
        "Cost of sales": 30188,
        "Enterprise cost management": 3626,
        "Total Operating Expenses": 33814,
        "Total revenue financing activities": 4534,
        "Net profit from business activities": 83595,
        "Profit": 3,
        "Profit before tax": 83598,
        "Present corporate income tax expenses": 20899,
        "Deferred income taxes expenses": "N/A",
        "The interests of minority shareholders": "N/A",
        "Total Cost of profits": 20899,
        "Profit after tax corporate income": 62698,
        "Volume": 34612230,
        "Close of Quarter": 10.0,
        "EPS": 2481.3,
        "Non-adjusted EPS": 6452,
        "PE": 1.6,
        "Book Price": 6.1
      }
    },
    {
      "quarter": "Q2 2010",
      "income status": {
        "Net sales": 532766,
        "Cost of goods sold": 433833,
        "Gross Profit": 98933,
        "Financial expenses": "N/A",
        "Of which: Interest expense": "N/A",
        "Cost of sales": 33705,
        "Enterprise cost management": 4770,
        "Total Operating Expenses": 38475,
        "Total revenue financing activities": 5566,
        "Net profit from business activities": 66024,
        "Profit": -20,
        "Profit before tax": 66004,
        "Present corporate income tax expenses": 17832,
        "Deferred income taxes expenses": -1353,
        "The interests of minority shareholders": "N/A",
        "Total Cost of profits": 16479,
        "Profit after tax corporate income": 49525,
        "Volume": 33000000,
        "Close of Quarter": 10.1,
        "EPS": 2383.7,
        "Non-adjusted EPS": 6501,
        "PE": 1.6,
        "Book Price": 6.0
      }
    },
    {
      "quarter": "Q1 2010",
      "income status": {
        "Net sales": 413597,
        "Cost of goods sold": 340570,
        "Gross Profit": 73027,
        "Financial expenses": "N/A",
        "Of which: Interest expense": "N/A",
        "Cost of sales": 29466,
        "Enterprise cost management": 3432,
        "Total Operating Expenses": 32898,
        "Total revenue financing activities": 3543,
        "Net profit from business activities": 43672,
        "Profit": 4252,
        "Profit before tax": 47924,
        "Present corporate income tax expenses": 11981,
        "Deferred income taxes expenses": "N/A",
        "The interests of minority shareholders": "N/A",
        "Total Cost of profits": 11981,
        "Profit after tax corporate income": 35943,
        "Volume": 33000000,
        "Close of Quarter": 12.6,
        "EPS": 2649.9,
        "Non-adjusted EPS": 7227,
        "PE": 1.7,
        "Book Price": 6.1
      }
    },
    {
      "quarter": "Q4 2009",
      "income status": {
        "Net sales": 380172,
        "Cost of goods sold": 261624,
        "Gross Profit": 118548,
        "Financial expenses": -499,
        "Of which: Interest expense": "N/A",
        "Cost of sales": 33580,
        "Enterprise cost management": 4105,
        "Total Operating Expenses": 37186,
        "Total revenue financing activities": 3424,
        "Net profit from business activities": 84786,
        "Profit": -19,
        "Profit before tax": 84768,
        "Present corporate income tax expenses": 5592,
        "Deferred income taxes expenses": 4009,
        "The interests of minority shareholders": "N/A",
        "Total Cost of profits": 9601,
        "Profit after tax corporate income": 75167,
        "Volume": 33000000,
        "Close of Quarter": 14.2,
        "EPS": 2424.4,
        "Non-adjusted EPS": 6612,
        "PE": 2.1,
        "Book Price": 5.7
      }
    },
    {
      "quarter": "Q3 2009",
      "income status": {
        "Net sales": 329177,
        "Cost of goods sold": 229050,
        "Gross Profit": 100127,
        "Financial expenses": "N/A",
        "Of which: Interest expense": "N/A",
        "Cost of sales": 29164,
        "Enterprise cost management": 2816,
        "Total Operating Expenses": 31980,
        "Total revenue financing activities": 3549,
        "Net profit from business activities": 71696,
        "Profit": 5,
        "Profit before tax": 71701,
        "Present corporate income tax expenses": 12555,
        "Deferred income taxes expenses": 5251,
        "The interests of minority shareholders": "N/A",
        "Total Cost of profits": 17806,
        "Profit after tax corporate income": 53896,
        "Volume": 33000000,
        "Close of Quarter": "N/A",
        "EPS": 2628.3,
        "Non-adjusted EPS": 7168,
        "PE": "N/A",
        "Book Price": 5.6
      }
    },
    {
      "quarter": "Q2 2009",
      "income status": {
        "Net sales": 522793,
        "Cost of goods sold": 384031,
        "Gross Profit": 138761,
        "Financial expenses": 175,
        "Of which: Interest expense": "N/A",
        "Cost of sales": 56115,
        "Enterprise cost management": 5306,
        "Total Operating Expenses": 61596,
        "Total revenue financing activities": 6158,
        "Net profit from business activities": 83323,
        "Profit": 2,
        "Profit before tax": 83825,
        "Present corporate income tax expenses": "N/A",
        "Deferred income taxes expenses": "N/A",
        "The interests of minority shareholders": -4751,
        "Total Cost of profits": -4751,
        "Profit after tax corporate income": 73485,
        "Volume": 33000000,
        "Close of Quarter": "N/A",
        "EPS": 2760.3,
        "Non-adjusted EPS": 7528,
        "PE": "N/A",
        "Book Price": 5.0
      }
    },
    {
      "quarter": "Q1 2009",
      "income status": {
        "Net sales": 136567,
        "Cost of goods sold": 105406,
        "Gross Profit": 31162,
        "Financial expenses": "N/A",
        "Of which: Interest expense": "N/A",
        "Cost of sales": 12895,
        "Enterprise cost management": 1998,
        "Total Operating Expenses": 14893,
        "Total revenue financing activities": 2691,
        "Net profit from business activities": 18960,
        "Profit": 2,
        "Profit before tax": 18962,
        "Present corporate income tax expenses": 3318,
        "Deferred income taxes expenses": "N/A",
        "The interests of minority shareholders": "N/A",
        "Total Cost of profits": 3318,
        "Profit after tax corporate income": 15644,
        "Volume": 33000000,
        "Close of Quarter": "N/A",
        "EPS": 1944.1,
        "Non-adjusted EPS": 5302,
        "PE": "N/A",
        "Book Price": "N/A"
      }
    },
    {
      "quarter": "Q4 2008",
      "income status": {
        "Net sales": 337702,
        "Cost of goods sold": 178747,
        "Gross Profit": 158955,
        "Financial expenses": 324,
        "Of which: Interest expense": "N/A",
        "Cost of sales": 34290,
        "Enterprise cost management": 4323,
        "Total Operating Expenses": 38937,
        "Total revenue financing activities": 3425,
        "Net profit from business activities": 123441,
        "Profit": -494,
        "Profit before tax": 122947,
        "Present corporate income tax expenses": 32011,
        "Deferred income taxes expenses": -2596,
        "The interests of minority shareholders": "N/A",
        "Total Cost of profits": 29415,
        "Profit after tax corporate income": 93531,
        "Volume": 33000000,
        "Close of Quarter": "N/A",
        "EPS": 1769.9,
        "Non-adjusted EPS": 4827,
        "PE": "N/A",
        "Book Price": "N/A"
      }
    },
    {
      "quarter": "Q3 2008",
      "income status": {
        "Net sales": 259949,
        "Cost of goods sold": 150115,
        "Gross Profit": 109834,
        "Financial expenses": 2,
        "Of which: Interest expense": 2,
        "Cost of sales": 18283,
        "Enterprise cost management": 2588,
        "Total Operating Expenses": 20873,
        "Total revenue financing activities": 4597,
        "Net profit from business activities": 93559,
        "Profit": "N/A",
        "Profit before tax": 93559,
        "Present corporate income tax expenses": 29197,
        "Deferred income taxes expenses": -1413,
        "The interests of minority shareholders": "N/A",
        "Total Cost of profits": 27784,
        "Profit after tax corporate income": 65776,
        "Volume": 33000000,
        "Close of Quarter": "N/A",
        "EPS": 730.8,
        "Non-adjusted EPS": 1993,
        "PE": "N/A",
        "Book Price": "N/A"
      }
    }
  ]
}