{
  "ticker": "DVP",
  "data": [
    {
      "quarter": "Q1 2017",
      "income status": {
        "Net sales": 159146,
        "Cost of goods sold": 75067,
        "Gross Profit": 84079,
        "Financial expenses": 676,
        "Of which: Interest expense": 423,
        "Cost of sales": "N/A",
        "Enterprise cost management": 12455,
        "Total Operating Expenses": 13131,
        "Total revenue financing activities": 2302,
        "Net profit from business activities": 73250,
        "Profit": 137,
        "Profit before tax": 73387,
        "Present corporate income tax expenses": 7420,
        "Deferred income taxes expenses": "N/A",
        "The interests of minority shareholders": "N/A",
        "Total Cost of profits": 7420,
        "Profit after tax corporate income": 65967,
        "Volume": 40000000,
        "Close of Quarter": 67.1,
        "EPS": 7250,
        "Non-adjusted EPS": 7250,
        "PE": 9.3,
        "Book Price": 24.4
      }
    },
    {
      "quarter": "Q4 2016",
      "income status": {
        "Net sales": 175344,
        "Cost of goods sold": 111089,
        "Gross Profit": 64255,
        "Financial expenses": 1936,
        "Of which: Interest expense": 653,
        "Cost of sales": "N/A",
        "Enterprise cost management": 20969,
        "Total Operating Expenses": 22905,
        "Total revenue financing activities": 30635,
        "Net profit from business activities": 71984,
        "Profit": 330,
        "Profit before tax": 72314,
        "Present corporate income tax expenses": 5728,
        "Deferred income taxes expenses": "N/A",
        "The interests of minority shareholders": "N/A",
        "Total Cost of profits": 5728,
        "Profit after tax corporate income": 66586,
        "Volume": 40000000,
        "Close of Quarter": 69.5,
        "EPS": 7170,
        "Non-adjusted EPS": 7170,
        "PE": 9.7,
        "Book Price": 22.8
      }
    },
    {
      "quarter": "Q3 2016",
      "income status": {
        "Net sales": 166814,
        "Cost of goods sold": 74128,
        "Gross Profit": 92686,
        "Financial expenses": 555,
        "Of which: Interest expense": 537,
        "Cost of sales": "N/A",
        "Enterprise cost management": 9854,
        "Total Operating Expenses": 10409,
        "Total revenue financing activities": 1218,
        "Net profit from business activities": 83496,
        "Profit": 176,
        "Profit before tax": 83672,
        "Present corporate income tax expenses": 6957,
        "Deferred income taxes expenses": "N/A",
        "The interests of minority shareholders": "N/A",
        "Total Cost of profits": 6957,
        "Profit after tax corporate income": 76715,
        "Volume": 40000000,
        "Close of Quarter": 69.3,
        "EPS": 6841,
        "Non-adjusted EPS": 6841,
        "PE": 10.1,
        "Book Price": 23.7
      }
    },
    {
      "quarter": "Q2 2016",
      "income status": {
        "Net sales": 167984,
        "Cost of goods sold": 78460,
        "Gross Profit": 89525,
        "Financial expenses": 984,
        "Of which: Interest expense": 932,
        "Cost of sales": "N/A",
        "Enterprise cost management": 10160,
        "Total Operating Expenses": 11144,
        "Total revenue financing activities": 12822,
        "Net profit from business activities": 91204,
        "Profit": 213,
        "Profit before tax": 91416,
        "Present corporate income tax expenses": 10672,
        "Deferred income taxes expenses": "N/A",
        "The interests of minority shareholders": "N/A",
        "Total Cost of profits": 10672,
        "Profit after tax corporate income": 80744,
        "Volume": 40000000,
        "Close of Quarter": 70.4,
        "EPS": 7306,
        "Non-adjusted EPS": 7306,
        "PE": 9.6,
        "Book Price": 21.8
      }
    },
    {
      "quarter": "Q1 2016",
      "income status": {
        "Net sales": 141978,
        "Cost of goods sold": 68213,
        "Gross Profit": 73765,
        "Financial expenses": 922,
        "Of which: Interest expense": 652,
        "Cost of sales": "N/A",
        "Enterprise cost management": 8398,
        "Total Operating Expenses": 9320,
        "Total revenue financing activities": 4874,
        "Net profit from business activities": 69319,
        "Profit": 195,
        "Profit before tax": 69514,
        "Present corporate income tax expenses": 6752,
        "Deferred income taxes expenses": "N/A",
        "The interests of minority shareholders": "N/A",
        "Total Cost of profits": 6752,
        "Profit after tax corporate income": 62762,
        "Volume": 40000000,
        "Close of Quarter": 61.8,
        "EPS": 6982,
        "Non-adjusted EPS": 6982,
        "PE": 8.9,
        "Book Price": 19.7
      }
    },
    {
      "quarter": "Q4 2015",
      "income status": {
        "Net sales": 159005,
        "Cost of goods sold": 99201,
        "Gross Profit": 59803,
        "Financial expenses": 4433,
        "Of which: Interest expense": 1217,
        "Cost of sales": "N/A",
        "Enterprise cost management": 9710,
        "Total Operating Expenses": 14143,
        "Total revenue financing activities": 13571,
        "Net profit from business activities": 59231,
        "Profit": 255,
        "Profit before tax": 59486,
        "Present corporate income tax expenses": 6063,
        "Deferred income taxes expenses": "N/A",
        "The interests of minority shareholders": "N/A",
        "Total Cost of profits": 6063,
        "Profit after tax corporate income": 53423,
        "Volume": 40000000,
        "Close of Quarter": 54.4,
        "EPS": 7027,
        "Non-adjusted EPS": 7027,
        "PE": 7.7,
        "Book Price": 23.5
      }
    },
    {
      "quarter": "Q3 2015",
      "income status": {
        "Net sales": 170446,
        "Cost of goods sold": 75639,
        "Gross Profit": 94807,
        "Financial expenses": 969,
        "Of which: Interest expense": 899,
        "Cost of sales": "N/A",
        "Enterprise cost management": 8698,
        "Total Operating Expenses": 9667,
        "Total revenue financing activities": 18794,
        "Net profit from business activities": 103934,
        "Profit": 243,
        "Profit before tax": 104177,
        "Present corporate income tax expenses": 8864,
        "Deferred income taxes expenses": "N/A",
        "The interests of minority shareholders": "N/A",
        "Total Cost of profits": 8864,
        "Profit after tax corporate income": 95313,
        "Volume": 40000000,
        "Close of Quarter": 43.1,
        "EPS": 7088,
        "Non-adjusted EPS": 7088,
        "PE": 6.1,
        "Book Price": 24.1
      }
    },
    {
      "quarter": "Q2 2015",
      "income status": {
        "Net sales": 176361,
        "Cost of goods sold": 102258,
        "Gross Profit": 74104,
        "Financial expenses": 3894,
        "Of which: Interest expense": 1423,
        "Cost of sales": "N/A",
        "Enterprise cost management": 9946,
        "Total Operating Expenses": 13840,
        "Total revenue financing activities": 14532,
        "Net profit from business activities": 74796,
        "Profit": 307,
        "Profit before tax": 75103,
        "Present corporate income tax expenses": 7309,
        "Deferred income taxes expenses": "N/A",
        "The interests of minority shareholders": "N/A",
        "Total Cost of profits": 7309,
        "Profit after tax corporate income": 67794,
        "Volume": 40000000,
        "Close of Quarter": 43.9,
        "EPS": 6355,
        "Non-adjusted EPS": 6355,
        "PE": 6.9,
        "Book Price": 21.7
      }
    },
    {
      "quarter": "Q1 2015",
      "income status": {
        "Net sales": 146236,
        "Cost of goods sold": 67233,
        "Gross Profit": 79003,
        "Financial expenses": 1080,
        "Of which: Interest expense": 972,
        "Cost of sales": "N/A",
        "Enterprise cost management": 7190,
        "Total Operating Expenses": 8270,
        "Total revenue financing activities": 816,
        "Net profit from business activities": 71549,
        "Profit": 236,
        "Profit before tax": 71786,
        "Present corporate income tax expenses": 7226,
        "Deferred income taxes expenses": "N/A",
        "The interests of minority shareholders": "N/A",
        "Total Cost of profits": 7226,
        "Profit after tax corporate income": 64560,
        "Volume": 40000000,
        "Close of Quarter": 40.9,
        "EPS": 6165,
        "Non-adjusted EPS": 6165,
        "PE": 6.6,
        "Book Price": 21.7
      }
    },
    {
      "quarter": "Q4 2014",
      "income status": {
        "Net sales": 153357,
        "Cost of goods sold": 95526,
        "Gross Profit": 57831,
        "Financial expenses": 1894,
        "Of which: Interest expense": 1729,
        "Cost of sales": "N/A",
        "Enterprise cost management": 6900,
        "Total Operating Expenses": 8794,
        "Total revenue financing activities": 11445,
        "Net profit from business activities": 60483,
        "Profit": 360,
        "Profit before tax": 60843,
        "Present corporate income tax expenses": 4988,
        "Deferred income taxes expenses": "N/A",
        "The interests of minority shareholders": "N/A",
        "Total Cost of profits": 4988,
        "Profit after tax corporate income": 55855,
        "Volume": 40000000,
        "Close of Quarter": 37.9,
        "EPS": 5699,
        "Non-adjusted EPS": 5699,
        "PE": 6.7,
        "Book Price": 20.1
      }
    },
    {
      "quarter": "Q3 2014",
      "income status": {
        "Net sales": 133605,
        "Cost of goods sold": 71911,
        "Gross Profit": 61695,
        "Financial expenses": 1687,
        "Of which: Interest expense": 1373,
        "Cost of sales": "N/A",
        "Enterprise cost management": 4972,
        "Total Operating Expenses": 6659,
        "Total revenue financing activities": 13209,
        "Net profit from business activities": 68245,
        "Profit": 282,
        "Profit before tax": 68527,
        "Present corporate income tax expenses": 2556,
        "Deferred income taxes expenses": "N/A",
        "The interests of minority shareholders": "N/A",
        "Total Cost of profits": 2556,
        "Profit after tax corporate income": 65972,
        "Volume": 40000000,
        "Close of Quarter": 35.8,
        "EPS": 5369,
        "Non-adjusted EPS": 5369,
        "PE": 6.7,
        "Book Price": 20.2
      }
    },
    {
      "quarter": "Q2 2014",
      "income status": {
        "Net sales": 140150,
        "Cost of goods sold": 75664,
        "Gross Profit": 64486,
        "Financial expenses": 3971,
        "Of which: Interest expense": 2060,
        "Cost of sales": "N/A",
        "Enterprise cost management": 6579,
        "Total Operating Expenses": 10550,
        "Total revenue financing activities": 10416,
        "Net profit from business activities": 64352,
        "Profit": 361,
        "Profit before tax": 64713,
        "Present corporate income tax expenses": 4488,
        "Deferred income taxes expenses": "N/A",
        "The interests of minority shareholders": "N/A",
        "Total Cost of profits": 4488,
        "Profit after tax corporate income": 60225,
        "Volume": 40000000,
        "Close of Quarter": 31.8,
        "EPS": 4992,
        "Non-adjusted EPS": 4992,
        "PE": 6.4,
        "Book Price": 18.5
      }
    },
    {
      "quarter": "Q1 2014",
      "income status": {
        "Net sales": 114528,
        "Cost of goods sold": 62220,
        "Gross Profit": 52307,
        "Financial expenses": 1625,
        "Of which: Interest expense": 1608,
        "Cost of sales": "N/A",
        "Enterprise cost management": 3832,
        "Total Operating Expenses": 5457,
        "Total revenue financing activities": 1306,
        "Net profit from business activities": 48156,
        "Profit": 82,
        "Profit before tax": 48238,
        "Present corporate income tax expenses": 2337,
        "Deferred income taxes expenses": "N/A",
        "The interests of minority shareholders": "N/A",
        "Total Cost of profits": 2337,
        "Profit after tax corporate income": 45901,
        "Volume": 40000000,
        "Close of Quarter": 36.6,
        "EPS": 4917,
        "Non-adjusted EPS": 4917,
        "PE": 7.5,
        "Book Price": 19.1
      }
    },
    {
      "quarter": "Q4 2013",
      "income status": {
        "Net sales": 125094,
        "Cost of goods sold": 77028,
        "Gross Profit": 48067,
        "Financial expenses": 2649,
        "Of which: Interest expense": 2622,
        "Cost of sales": "N/A",
        "Enterprise cost management": 7150,
        "Total Operating Expenses": 9799,
        "Total revenue financing activities": 7463,
        "Net profit from business activities": 45731,
        "Profit": 213,
        "Profit before tax": 45943,
        "Present corporate income tax expenses": 3282,
        "Deferred income taxes expenses": "N/A",
        "The interests of minority shareholders": "N/A",
        "Total Cost of profits": 3282,
        "Profit after tax corporate income": 42662,
        "Volume": 40000000,
        "Close of Quarter": 32.1,
        "EPS": 4925,
        "Non-adjusted EPS": 4925,
        "PE": 6.5,
        "Book Price": 18
      }
    },
    {
      "quarter": "Q3 2013",
      "income status": {
        "Net sales": 128992,
        "Cost of goods sold": 72411,
        "Gross Profit": 56581,
        "Financial expenses": 2666,
        "Of which: Interest expense": 1129,
        "Cost of sales": "N/A",
        "Enterprise cost management": 3613,
        "Total Operating Expenses": 6279,
        "Total revenue financing activities": 3174,
        "Net profit from business activities": 53475,
        "Profit": 633,
        "Profit before tax": 54109,
        "Present corporate income tax expenses": 3203,
        "Deferred income taxes expenses": "N/A",
        "The interests of minority shareholders": "N/A",
        "Total Cost of profits": 3203,
        "Profit after tax corporate income": 50905,
        "Volume": 20000000,
        "Close of Quarter": 27.7,
        "EPS": 4770.5,
        "Non-adjusted EPS": 9541,
        "PE": 2.9,
        "Book Price": 16.9
      }
    },
    {
      "quarter": "Q2 2013",
      "income status": {
        "Net sales": 134747,
        "Cost of goods sold": 68858,
        "Gross Profit": 65889,
        "Financial expenses": 4800,
        "Of which: Interest expense": 2636,
        "Cost of sales": "N/A",
        "Enterprise cost management": 7540,
        "Total Operating Expenses": 12340,
        "Total revenue financing activities": 7311,
        "Net profit from business activities": 60860,
        "Profit": -22,
        "Profit before tax": 60838,
        "Present corporate income tax expenses": 3622,
        "Deferred income taxes expenses": "N/A",
        "The interests of minority shareholders": "N/A",
        "Total Cost of profits": 3622,
        "Profit after tax corporate income": 57216,
        "Volume": 20000000,
        "Close of Quarter": 25.9,
        "EPS": 4752,
        "Non-adjusted EPS": 9504,
        "PE": 2.7,
        "Book Price": 15.7
      }
    },
    {
      "quarter": "Q1 2013",
      "income status": {
        "Net sales": 111786,
        "Cost of goods sold": 59854,
        "Gross Profit": 51931,
        "Financial expenses": 2141,
        "Of which: Interest expense": 2104,
        "Cost of sales": "N/A",
        "Enterprise cost management": 4167,
        "Total Operating Expenses": 6308,
        "Total revenue financing activities": 3214,
        "Net profit from business activities": 48837,
        "Profit": 16,
        "Profit before tax": 48852,
        "Present corporate income tax expenses": 2641,
        "Deferred income taxes expenses": "N/A",
        "The interests of minority shareholders": "N/A",
        "Total Cost of profits": 2641,
        "Profit after tax corporate income": 46212,
        "Volume": 20000000,
        "Close of Quarter": 22.7,
        "EPS": 4743.5,
        "Non-adjusted EPS": 9487,
        "PE": 2.4,
        "Book Price": 14.8
      }
    },
    {
      "quarter": "Q4 2012",
      "income status": {
        "Net sales": 127392,
        "Cost of goods sold": 78530,
        "Gross Profit": 48861,
        "Financial expenses": 3064,
        "Of which: Interest expense": 2837,
        "Cost of sales": "N/A",
        "Enterprise cost management": 14832,
        "Total Operating Expenses": 17896,
        "Total revenue financing activities": 7671,
        "Net profit from business activities": 38636,
        "Profit": 235,
        "Profit before tax": 38871,
        "Present corporate income tax expenses": 2392,
        "Deferred income taxes expenses": "N/A",
        "The interests of minority shareholders": "N/A",
        "Total Cost of profits": 2392,
        "Profit after tax corporate income": 36479,
        "Volume": 20000000,
        "Close of Quarter": 16.4,
        "EPS": 4701.5,
        "Non-adjusted EPS": 9403,
        "PE": 1.7,
        "Book Price": 13.7
      }
    },
    {
      "quarter": "Q3 2012",
      "income status": {
        "Net sales": 113608,
        "Cost of goods sold": 57931,
        "Gross Profit": 55677,
        "Financial expenses": 2650,
        "Of which: Interest expense": 2618,
        "Cost of sales": "N/A",
        "Enterprise cost management": 4911,
        "Total Operating Expenses": 7561,
        "Total revenue financing activities": 5075,
        "Net profit from business activities": 53191,
        "Profit": 109,
        "Profit before tax": 53300,
        "Present corporate income tax expenses": 3130,
        "Deferred income taxes expenses": "N/A",
        "The interests of minority shareholders": "N/A",
        "Total Cost of profits": 3130,
        "Profit after tax corporate income": 50170,
        "Volume": 20000000,
        "Close of Quarter": 13.8,
        "EPS": 4519.5,
        "Non-adjusted EPS": 9039,
        "PE": 1.5,
        "Book Price": 13.8
      }
    },
    {
      "quarter": "Q2 2012",
      "income status": {
        "Net sales": 125294,
        "Cost of goods sold": 65876,
        "Gross Profit": 59418,
        "Financial expenses": 2863,
        "Of which: Interest expense": 2731,
        "Cost of sales": "N/A",
        "Enterprise cost management": 3110,
        "Total Operating Expenses": 5973,
        "Total revenue financing activities": 7345,
        "Net profit from business activities": 60791,
        "Profit": 27,
        "Profit before tax": 60818,
        "Present corporate income tax expenses": 3943,
        "Deferred income taxes expenses": "N/A",
        "The interests of minority shareholders": "N/A",
        "Total Cost of profits": 3943,
        "Profit after tax corporate income": 56875,
        "Volume": 20000000,
        "Close of Quarter": 13.1,
        "EPS": 4411,
        "Non-adjusted EPS": 8822,
        "PE": 1.5,
        "Book Price": 12.5
      }
    },
    {
      "quarter": "Q1 2012",
      "income status": {
        "Net sales": 108950,
        "Cost of goods sold": 64783,
        "Gross Profit": 44167,
        "Financial expenses": 863,
        "Of which: Interest expense": 792,
        "Cost of sales": "N/A",
        "Enterprise cost management": 2330,
        "Total Operating Expenses": 3193,
        "Total revenue financing activities": 7221,
        "Net profit from business activities": 48196,
        "Profit": 24,
        "Profit before tax": 48219,
        "Present corporate income tax expenses": 3688,
        "Deferred income taxes expenses": "N/A",
        "The interests of minority shareholders": "N/A",
        "Total Cost of profits": 3688,
        "Profit after tax corporate income": 44531,
        "Volume": 20000000,
        "Close of Quarter": 12.2,
        "EPS": 3998.5,
        "Non-adjusted EPS": 7997,
        "PE": 1.5,
        "Book Price": 12.2
      }
    },
    {
      "quarter": "Q4 2011",
      "income status": {
        "Net sales": 120016,
        "Cost of goods sold": 88479,
        "Gross Profit": 31537,
        "Financial expenses": 3828,
        "Of which: Interest expense": 1542,
        "Cost of sales": "N/A",
        "Enterprise cost management": 7816,
        "Total Operating Expenses": 11644,
        "Total revenue financing activities": 10383,
        "Net profit from business activities": 30275,
        "Profit": 2400,
        "Profit before tax": 32675,
        "Present corporate income tax expenses": 3466,
        "Deferred income taxes expenses": "N/A",
        "The interests of minority shareholders": "N/A",
        "Total Cost of profits": 3466,
        "Profit after tax corporate income": 29209,
        "Volume": 20000000,
        "Close of Quarter": 12.5,
        "EPS": 3757,
        "Non-adjusted EPS": 7514,
        "PE": 1.7,
        "Book Price": 11.1
      }
    },
    {
      "quarter": "Q3 2011",
      "income status": {
        "Net sales": 98649,
        "Cost of goods sold": 52808,
        "Gross Profit": 45840,
        "Financial expenses": 1859,
        "Of which: Interest expense": 1168,
        "Cost of sales": "N/A",
        "Enterprise cost management": 3571,
        "Total Operating Expenses": 5430,
        "Total revenue financing activities": 7688,
        "Net profit from business activities": 48098,
        "Profit": 1730,
        "Profit before tax": 49828,
        "Present corporate income tax expenses": 4004,
        "Deferred income taxes expenses": "N/A",
        "The interests of minority shareholders": "N/A",
        "Total Cost of profits": 4004,
        "Profit after tax corporate income": 45824,
        "Volume": 20000000,
        "Close of Quarter": 11.8,
        "EPS": 4022.5,
        "Non-adjusted EPS": 8045,
        "PE": 1.5,
        "Book Price": 11.3
      }
    },
    {
      "quarter": "Q2 2011",
      "income status": {
        "Net sales": 97623,
        "Cost of goods sold": 52635,
        "Gross Profit": 44988,
        "Financial expenses": 8086,
        "Of which: Interest expense": 1384,
        "Cost of sales": "N/A",
        "Enterprise cost management": 3588,
        "Total Operating Expenses": 11674,
        "Total revenue financing activities": 7646,
        "Net profit from business activities": 40960,
        "Profit": 1841,
        "Profit before tax": 42801,
        "Present corporate income tax expenses": 2420,
        "Deferred income taxes expenses": "N/A",
        "The interests of minority shareholders": "N/A",
        "Total Cost of profits": 2420,
        "Profit after tax corporate income": 40380,
        "Volume": 20000000,
        "Close of Quarter": 11.9,
        "EPS": 3965.5,
        "Non-adjusted EPS": 7931,
        "PE": 1.5,
        "Book Price": 10.1
      }
    },
    {
      "quarter": "Q1 2011",
      "income status": {
        "Net sales": 84623,
        "Cost of goods sold": 48858,
        "Gross Profit": 35765,
        "Financial expenses": 1280,
        "Of which: Interest expense": 845,
        "Cost of sales": "N/A",
        "Enterprise cost management": 5205,
        "Total Operating Expenses": 6485,
        "Total revenue financing activities": 7455,
        "Net profit from business activities": 36734,
        "Profit": 1619,
        "Profit before tax": 38353,
        "Present corporate income tax expenses": 3477,
        "Deferred income taxes expenses": "N/A",
        "The interests of minority shareholders": "N/A",
        "Total Cost of profits": 3477,
        "Profit after tax corporate income": 34876,
        "Volume": 20000000,
        "Close of Quarter": 11.3,
        "EPS": 3674.5,
        "Non-adjusted EPS": 7349,
        "PE": 1.5,
        "Book Price": 10.6
      }
    },
    {
      "quarter": "Q4 2010",
      "income status": {
        "Net sales": 102823,
        "Cost of goods sold": 54822,
        "Gross Profit": 48001,
        "Financial expenses": 3892,
        "Of which: Interest expense": 1766,
        "Cost of sales": "N/A",
        "Enterprise cost management": 8195,
        "Total Operating Expenses": 12087,
        "Total revenue financing activities": 8503,
        "Net profit from business activities": 44417,
        "Profit": 757,
        "Profit before tax": 45174,
        "Present corporate income tax expenses": 5354,
        "Deferred income taxes expenses": "N/A",
        "The interests of minority shareholders": "N/A",
        "Total Cost of profits": 5354,
        "Profit after tax corporate income": 39820,
        "Volume": 20000000,
        "Close of Quarter": 11.9,
        "EPS": 3225.5,
        "Non-adjusted EPS": 6451,
        "PE": 1.8,
        "Book Price": 9.4
      }
    },
    {
      "quarter": "Q3 2010",
      "income status": {
        "Net sales": 97048,
        "Cost of goods sold": 48015,
        "Gross Profit": 49033,
        "Financial expenses": 1505,
        "Of which: Interest expense": 858,
        "Cost of sales": "N/A",
        "Enterprise cost management": 3436,
        "Total Operating Expenses": 4941,
        "Total revenue financing activities": 4304,
        "Net profit from business activities": 48396,
        "Profit": 579,
        "Profit before tax": 48976,
        "Present corporate income tax expenses": 5435,
        "Deferred income taxes expenses": "N/A",
        "The interests of minority shareholders": "N/A",
        "Total Cost of profits": 5435,
        "Profit after tax corporate income": 43540,
        "Volume": 20000000,
        "Close of Quarter": 10.9,
        "EPS": 2705,
        "Non-adjusted EPS": 5410,
        "PE": 2.0,
        "Book Price": 8.4
      }
    },
    {
      "quarter": "Q2 2010",
      "income status": {
        "Net sales": "N/A",
        "Cost of goods sold": "N/A",
        "Gross Profit": "N/A",
        "Financial expenses": "N/A",
        "Of which: Interest expense": 1658,
        "Cost of sales": "N/A",
        "Enterprise cost management": 2657,
        "Total Operating Expenses": 2657,
        "Total revenue financing activities": "N/A",
        "Net profit from business activities": "N/A",
        "Profit": "N/A",
        "Profit before tax": 32329,
        "Present corporate income tax expenses": "N/A",
        "Deferred income taxes expenses": "N/A",
        "The interests of minority shareholders": "N/A",
        "Total Cost of profits": 0,
        "Profit after tax corporate income": 28741,
        "Volume": 20000000,
        "Close of Quarter": 11.8,
        "EPS": 2093.5,
        "Non-adjusted EPS": 4187,
        "PE": 2.8,
        "Book Price": 7.3
      }
    },
    {
      "quarter": "Q1 2010",
      "income status": {
        "Net sales": "N/A",
        "Cost of goods sold": "N/A",
        "Gross Profit": "N/A",
        "Financial expenses": "N/A",
        "Of which: Interest expense": 1854,
        "Cost of sales": "N/A",
        "Enterprise cost management": 2292,
        "Total Operating Expenses": 2292,
        "Total revenue financing activities": "N/A",
        "Net profit from business activities": "N/A",
        "Profit": "N/A",
        "Profit before tax": 18803,
        "Present corporate income tax expenses": "N/A",
        "Deferred income taxes expenses": "N/A",
        "The interests of minority shareholders": "N/A",
        "Total Cost of profits": 0,
        "Profit after tax corporate income": 16923,
        "Volume": 20000000,
        "Close of Quarter": 10.6,
        "EPS": 1967,
        "Non-adjusted EPS": 3934,
        "PE": 2.7,
        "Book Price": 7.2
      }
    },
    {
      "quarter": "Q4 2009",
      "income status": {
        "Net sales": "N/A",
        "Cost of goods sold": "N/A",
        "Gross Profit": "N/A",
        "Financial expenses": "N/A",
        "Of which: Interest expense": "N/A",
        "Cost of sales": "N/A",
        "Enterprise cost management": 5338,
        "Total Operating Expenses": 5338,
        "Total revenue financing activities": "N/A",
        "Net profit from business activities": "N/A",
        "Profit": "N/A",
        "Profit before tax": 23774,
        "Present corporate income tax expenses": "N/A",
        "Deferred income taxes expenses": "N/A",
        "The interests of minority shareholders": "N/A",
        "Total Cost of profits": 0,
        "Profit after tax corporate income": 18991,
        "Volume": 20000000,
        "Close of Quarter": 11.7,
        "EPS": 1544,
        "Non-adjusted EPS": 3088,
        "PE": 3.8,
        "Book Price": 7.5
      }
    },
    {
      "quarter": "Q3 2009",
      "income status": {
        "Net sales": "N/A",
        "Cost of goods sold": "N/A",
        "Gross Profit": "N/A",
        "Financial expenses": "N/A",
        "Of which: Interest expense": 1394,
        "Cost of sales": "N/A",
        "Enterprise cost management": 2420,
        "Total Operating Expenses": 2420,
        "Total revenue financing activities": "N/A",
        "Net profit from business activities": "N/A",
        "Profit": "N/A",
        "Profit before tax": 30020,
        "Present corporate income tax expenses": "N/A",
        "Deferred income taxes expenses": "N/A",
        "The interests of minority shareholders": "N/A",
        "Total Cost of profits": 0,
        "Profit after tax corporate income": 19080,
        "Volume": 20000000,
        "Close of Quarter": "N/A",
        "EPS": 1069,
        "Non-adjusted EPS": 2138,
        "PE": "N/A",
        "Book Price": 7.0
      }
    },
    {
      "quarter": "Q2 2009",
      "income status": {
        "Net sales": 69340,
        "Cost of goods sold": 42304,
        "Gross Profit": 27036,
        "Financial expenses": 1135,
        "Of which: Interest expense": 1004,
        "Cost of sales": "N/A",
        "Enterprise cost management": 2192,
        "Total Operating Expenses": 3327,
        "Total revenue financing activities": 1728,
        "Net profit from business activities": 25438,
        "Profit": 38,
        "Profit before tax": 25476,
        "Present corporate income tax expenses": 1793,
        "Deferred income taxes expenses": "N/A",
        "The interests of minority shareholders": "N/A",
        "Total Cost of profits": 1793,
        "Profit after tax corporate income": 23683,
        "Volume": 20000000,
        "Close of Quarter": "N/A",
        "EPS": 592,
        "Non-adjusted EPS": 1184,
        "PE": "N/A",
        "Book Price": "N/A"
      }
    }
  ]
}