{
  "ticker": "CCR",
  "data": [
    {
      "quarter": "Q1 2017",
      "income status": {
        "Net sales": 26645,
        "Cost of goods sold": 20661,
        "Gross Profit": 5985,
        "Financial expenses": 2248,
        "Of which: Interest expense": 2248,
        "Cost of sales": 87,
        "Enterprise cost management": 3319,
        "Total Operating Expenses": 5654,
        "Total revenue financing activities": 229,
        "Net profit from business activities": 560,
        "Profit": 117,
        "Profit before tax": 677,
        "Present corporate income tax expenses": 126,
        "Deferred income taxes expenses": "N/A",
        "The interests of minority shareholders": 56,
        "Total Cost of profits": 182,
        "Profit after tax corporate income": 494,
        "Volume": 24501817,
        "Close of Quarter": 20.9,
        "EPS": 211,
        "Non-adjusted EPS": 211,
        "PE": 98.9,
        "Book Price": 10.6
      }
    },
    {
      "quarter": "Q4 2016",
      "income status": {
        "Net sales": 19578,
        "Cost of goods sold": 14438,
        "Gross Profit": 5139,
        "Financial expenses": 1821,
        "Of which: Interest expense": 1821,
        "Cost of sales": 70,
        "Enterprise cost management": 3653,
        "Total Operating Expenses": 5544,
        "Total revenue financing activities": 1051,
        "Net profit from business activities": 646,
        "Profit": 102,
        "Profit before tax": 748,
        "Present corporate income tax expenses": 2,
        "Deferred income taxes expenses": "N/A",
        "The interests of minority shareholders": -94,
        "Total Cost of profits": -92,
        "Profit after tax corporate income": 840,
        "Volume": 24501817,
        "Close of Quarter": 14.9,
        "EPS": 303,
        "Non-adjusted EPS": 303,
        "PE": 49.2,
        "Book Price": 10.6
      }
    },
    {
      "quarter": "Q3 2016",
      "income status": {
        "Net sales": 32361,
        "Cost of goods sold": 23524,
        "Gross Profit": 8837,
        "Financial expenses": 1842,
        "Of which: Interest expense": 1842,
        "Cost of sales": 73,
        "Enterprise cost management": 4357,
        "Total Operating Expenses": 6272,
        "Total revenue financing activities": 380,
        "Net profit from business activities": 2944,
        "Profit": -1,
        "Profit before tax": 2944,
        "Present corporate income tax expenses": 488,
        "Deferred income taxes expenses": "N/A",
        "The interests of minority shareholders": 278,
        "Total Cost of profits": 766,
        "Profit after tax corporate income": 2177,
        "Volume": 24501817,
        "Close of Quarter": 14.9,
        "EPS": 516,
        "Non-adjusted EPS": 516,
        "PE": 28.9,
        "Book Price": 10.5
      }
    },
    {
      "quarter": "Q2 2016",
      "income status": {
        "Net sales": 28049,
        "Cost of goods sold": 19601,
        "Gross Profit": 8448,
        "Financial expenses": 1870,
        "Of which: Interest expense": 1870,
        "Cost of sales": 69,
        "Enterprise cost management": 4607,
        "Total Operating Expenses": 6546,
        "Total revenue financing activities": 611,
        "Net profit from business activities": 2513,
        "Profit": 31,
        "Profit before tax": 2544,
        "Present corporate income tax expenses": 562,
        "Deferred income taxes expenses": "N/A",
        "The interests of minority shareholders": 317,
        "Total Cost of profits": 879,
        "Profit after tax corporate income": 1665,
        "Volume": 24501817,
        "Close of Quarter": 10.9,
        "EPS": 443,
        "Non-adjusted EPS": 443,
        "PE": 24.7,
        "Book Price": 10.4
      }
    },
    {
      "quarter": "Q1 2016",
      "income status": {
        "Net sales": 24640,
        "Cost of goods sold": 15742,
        "Gross Profit": 8898,
        "Financial expenses": 1950,
        "Of which: Interest expense": 1950,
        "Cost of sales": 69,
        "Enterprise cost management": 3301,
        "Total Operating Expenses": 5320,
        "Total revenue financing activities": 224,
        "Net profit from business activities": 3802,
        "Profit": 30,
        "Profit before tax": 3832,
        "Present corporate income tax expenses": 815,
        "Deferred income taxes expenses": "N/A",
        "The interests of minority shareholders": 276,
        "Total Cost of profits": 1091,
        "Profit after tax corporate income": 2741,
        "Volume": 24501817,
        "Close of Quarter": 10.4,
        "EPS": 375,
        "Non-adjusted EPS": 375,
        "PE": 27.6,
        "Book Price": 10.5
      }
    },
    {
      "quarter": "Q4 2015",
      "income status": {
        "Net sales": 24291,
        "Cost of goods sold": 16571,
        "Gross Profit": 7720,
        "Financial expenses": -1899,
        "Of which: Interest expense": -1899,
        "Cost of sales": 62,
        "Enterprise cost management": 5187,
        "Total Operating Expenses": 3350,
        "Total revenue financing activities": 474,
        "Net profit from business activities": 4844,
        "Profit": 1542,
        "Profit before tax": 6386,
        "Present corporate income tax expenses": 59,
        "Deferred income taxes expenses": "N/A",
        "The interests of minority shareholders": 258,
        "Total Cost of profits": 317,
        "Profit after tax corporate income": 6068,
        "Volume": 24501817,
        "Close of Quarter": 9.9,
        "EPS": 263,
        "Non-adjusted EPS": 263,
        "PE": 37.5,
        "Book Price": 10.4
      }
    },
    {
      "quarter": "Q3 2015",
      "income status": {
        "Net sales": 31249,
        "Cost of goods sold": 24046,
        "Gross Profit": 7203,
        "Financial expenses": 2693,
        "Of which: Interest expense": 2693,
        "Cost of sales": 92,
        "Enterprise cost management": 3876,
        "Total Operating Expenses": 6661,
        "Total revenue financing activities": 243,
        "Net profit from business activities": 786,
        "Profit": 60,
        "Profit before tax": 846,
        "Present corporate income tax expenses": 49,
        "Deferred income taxes expenses": "N/A",
        "The interests of minority shareholders": 413,
        "Total Cost of profits": 462,
        "Profit after tax corporate income": 384,
        "Volume": 24501817,
        "Close of Quarter": 13.7,
        "EPS": 16,
        "Non-adjusted EPS": 16,
        "PE": 856.3,
        "Book Price": "N/A"
      }
    },
    {
      "quarter": "Q2 2015",
      "income status": {
        "Net sales": 27775,
        "Cost of goods sold": 22399,
        "Gross Profit": 5375,
        "Financial expenses": 2883,
        "Of which: Interest expense": 2883,
        "Cost of sales": 66,
        "Enterprise cost management": 2834,
        "Total Operating Expenses": 5783,
        "Total revenue financing activities": 668,
        "Net profit from business activities": 260,
        "Profit": -2,
        "Profit before tax": 258,
        "Present corporate income tax expenses": 30,
        "Deferred income taxes expenses": "N/A",
        "The interests of minority shareholders": 233,
        "Total Cost of profits": 263,
        "Profit after tax corporate income": -4,
        "Volume": 24501817,
        "Close of Quarter": "N/A",
        "EPS": "N/A",
        "Non-adjusted EPS": " ",
        "PE": "N/A",
        "Book Price": "N/A"
      }
    }
  ]
}