{
  "ticker": "PTB",
  "data": [
    {
      "quarter": "Q1 2017",
      "income status": {
        "Net sales": 922996,
        "Cost of goods sold": 781707,
        "Gross Profit": 141290,
        "Financial expenses": 9053,
        "Of which: Interest expense": 7776,
        "Cost of sales": 41142,
        "Enterprise cost management": 25432,
        "Total Operating Expenses": 75627,
        "Total revenue financing activities": 3270,
        "Net profit from business activities": 68933,
        "Profit": 1917,
        "Profit before tax": 70850,
        "Present corporate income tax expenses": 10397,
        "Deferred income taxes expenses": 6,
        "The interests of minority shareholders": 3409,
        "Total Cost of profits": 13812,
        "Profit after tax corporate income": 57038,
        "Volume": 21600531,
        "Close of Quarter": 113.3,
        "EPS": 12244,
        "Non-adjusted EPS": 12244,
        "PE": 9.3,
        "Book Price": 36.9
      }
    },
    {
      "quarter": "Q4 2016",
      "income status": {
        "Net sales": 1097101,
        "Cost of goods sold": 915955,
        "Gross Profit": 181146,
        "Financial expenses": 10151,
        "Of which: Interest expense": 5614,
        "Cost of sales": 41954,
        "Enterprise cost management": 21163,
        "Total Operating Expenses": 73268,
        "Total revenue financing activities": 3319,
        "Net profit from business activities": 111196,
        "Profit": 2043,
        "Profit before tax": 113239,
        "Present corporate income tax expenses": 19319,
        "Deferred income taxes expenses": 742,
        "The interests of minority shareholders": 3241,
        "Total Cost of profits": 23302,
        "Profit after tax corporate income": 89937,
        "Volume": 21600531,
        "Close of Quarter": 102.2,
        "EPS": 12093,
        "Non-adjusted EPS": 12093,
        "PE": 8.5,
        "Book Price": 36.7
      }
    },
    {
      "quarter": "Q3 2016",
      "income status": {
        "Net sales": 806529,
        "Cost of goods sold": 660289,
        "Gross Profit": 146239,
        "Financial expenses": 7040,
        "Of which: Interest expense": 6839,
        "Cost of sales": 32949,
        "Enterprise cost management": 25897,
        "Total Operating Expenses": 65886,
        "Total revenue financing activities": 2267,
        "Net profit from business activities": 82620,
        "Profit": 2089,
        "Profit before tax": 84709,
        "Present corporate income tax expenses": 14031,
        "Deferred income taxes expenses": 7,
        "The interests of minority shareholders": 5332,
        "Total Cost of profits": 19370,
        "Profit after tax corporate income": 65339,
        "Volume": 18000616,
        "Close of Quarter": 101.2,
        "EPS": 10676.8,
        "Non-adjusted EPS": 12812,
        "PE": 7.9,
        "Book Price": 32.3
      }
    },
    {
      "quarter": "Q2 2016",
      "income status": {
        "Net sales": 948940,
        "Cost of goods sold": 816297,
        "Gross Profit": 132643,
        "Financial expenses": 11478,
        "Of which: Interest expense": 8510,
        "Cost of sales": 30718,
        "Enterprise cost management": 29587,
        "Total Operating Expenses": 71783,
        "Total revenue financing activities": 2189,
        "Net profit from business activities": 63049,
        "Profit": 3570,
        "Profit before tax": 66619,
        "Present corporate income tax expenses": 13109,
        "Deferred income taxes expenses": -31,
        "The interests of minority shareholders": 1376,
        "Total Cost of profits": 14454,
        "Profit after tax corporate income": 52165,
        "Volume": 18000616,
        "Close of Quarter": 90.3,
        "EPS": 9719.3,
        "Non-adjusted EPS": 11663,
        "PE": 7.7,
        "Book Price": 29.2
      }
    },
    {
      "quarter": "Q1 2016",
      "income status": {
        "Net sales": 806307,
        "Cost of goods sold": 679970,
        "Gross Profit": 126336,
        "Financial expenses": 7148,
        "Of which: Interest expense": 6459,
        "Cost of sales": 32956,
        "Enterprise cost management": 21841,
        "Total Operating Expenses": 61945,
        "Total revenue financing activities": 2157,
        "Net profit from business activities": 66548,
        "Profit": 2946,
        "Profit before tax": 69495,
        "Present corporate income tax expenses": 12262,
        "Deferred income taxes expenses": 17,
        "The interests of minority shareholders": 3440,
        "Total Cost of profits": 15719,
        "Profit after tax corporate income": 53776,
        "Volume": 14400634,
        "Close of Quarter": 66.2,
        "EPS": 9101.5,
        "Non-adjusted EPS": 13652,
        "PE": 4.9,
        "Book Price": 25.3
      }
    },
    {
      "quarter": "Q4 2015",
      "income status": {
        "Net sales": 881355,
        "Cost of goods sold": 740975,
        "Gross Profit": 140380,
        "Financial expenses": 7304,
        "Of which: Interest expense": 5496,
        "Cost of sales": 29692,
        "Enterprise cost management": 26790,
        "Total Operating Expenses": 63786,
        "Total revenue financing activities": 1753,
        "Net profit from business activities": 78348,
        "Profit": 2141,
        "Profit before tax": 80488,
        "Present corporate income tax expenses": 18232,
        "Deferred income taxes expenses": -62,
        "The interests of minority shareholders": 2968,
        "Total Cost of profits": 21138,
        "Profit after tax corporate income": 59351,
        "Volume": 14400634,
        "Close of Quarter": 46.2,
        "EPS": 8016.8,
        "Non-adjusted EPS": 12025,
        "PE": 3.8,
        "Book Price": 23.9
      }
    },
    {
      "quarter": "Q3 2015",
      "income status": {
        "Net sales": 761121,
        "Cost of goods sold": 649469,
        "Gross Profit": 111653,
        "Financial expenses": 11945,
        "Of which: Interest expense": 5011,
        "Cost of sales": 24818,
        "Enterprise cost management": 19503,
        "Total Operating Expenses": 56266,
        "Total revenue financing activities": 3306,
        "Net profit from business activities": 58693,
        "Profit": 1543,
        "Profit before tax": 60236,
        "Present corporate income tax expenses": 13241,
        "Deferred income taxes expenses": -4,
        "The interests of minority shareholders": 2346,
        "Total Cost of profits": 15583,
        "Profit after tax corporate income": 44653,
        "Volume": 14400634,
        "Close of Quarter": 32.3,
        "EPS": 6484.8,
        "Non-adjusted EPS": 9727,
        "PE": 3.3,
        "Book Price": 21.2
      }
    },
    {
      "quarter": "Q2 2015",
      "income status": {
        "Net sales": 743677,
        "Cost of goods sold": 634134,
        "Gross Profit": 109543,
        "Financial expenses": 9903,
        "Of which: Interest expense": 6168,
        "Cost of sales": 25996,
        "Enterprise cost management": 24718,
        "Total Operating Expenses": 60617,
        "Total revenue financing activities": 3359,
        "Net profit from business activities": 52286,
        "Profit": 1390,
        "Profit before tax": 53675,
        "Present corporate income tax expenses": 11746,
        "Deferred income taxes expenses": -68,
        "The interests of minority shareholders": 3180,
        "Total Cost of profits": 14858,
        "Profit after tax corporate income": 38817,
        "Volume": 14400634,
        "Close of Quarter": 29.3,
        "EPS": 5624.1,
        "Non-adjusted EPS": 8436,
        "PE": 3.5,
        "Book Price": 19.1
      }
    },
    {
      "quarter": "Q1 2015",
      "income status": {
        "Net sales": 659722,
        "Cost of goods sold": 570017,
        "Gross Profit": 89705,
        "Financial expenses": 7456,
        "Of which: Interest expense": 5506,
        "Cost of sales": 28280,
        "Enterprise cost management": 16800,
        "Total Operating Expenses": 52536,
        "Total revenue financing activities": 1452,
        "Net profit from business activities": 38622,
        "Profit": 2160,
        "Profit before tax": 40782,
        "Present corporate income tax expenses": 8947,
        "Deferred income taxes expenses": -17,
        "The interests of minority shareholders": 1504,
        "Total Cost of profits": 10434,
        "Profit after tax corporate income": 30348,
        "Volume": 12000646,
        "Close of Quarter": 29.2,
        "EPS": 5318.5,
        "Non-adjusted EPS": 9573,
        "PE": 3.1,
        "Book Price": 17.3
      }
    },
    {
      "quarter": "Q4 2014",
      "income status": {
        "Net sales": 773603,
        "Cost of goods sold": 682617,
        "Gross Profit": 90986,
        "Financial expenses": 8135,
        "Of which: Interest expense": 5715,
        "Cost of sales": 26930,
        "Enterprise cost management": 23530,
        "Total Operating Expenses": 58595,
        "Total revenue financing activities": 1781,
        "Net profit from business activities": 34173,
        "Profit": 2450,
        "Profit before tax": 36623,
        "Present corporate income tax expenses": 7388,
        "Deferred income taxes expenses": -142,
        "The interests of minority shareholders": 3124,
        "Total Cost of profits": 10370,
        "Profit after tax corporate income": 26252,
        "Volume": 12000646,
        "Close of Quarter": 26.2,
        "EPS": 5166.3,
        "Non-adjusted EPS": 9299,
        "PE": 2.8,
        "Book Price": 16.4
      }
    },
    {
      "quarter": "Q3 2014",
      "income status": {
        "Net sales": 608097,
        "Cost of goods sold": 535609,
        "Gross Profit": 72488,
        "Financial expenses": 6255,
        "Of which: Interest expense": 6265,
        "Cost of sales": 17099,
        "Enterprise cost management": 16766,
        "Total Operating Expenses": 40120,
        "Total revenue financing activities": 1350,
        "Net profit from business activities": 33719,
        "Profit": 1863,
        "Profit before tax": 35582,
        "Present corporate income tax expenses": 6845,
        "Deferred income taxes expenses": 108,
        "The interests of minority shareholders": 2563,
        "Total Cost of profits": 9516,
        "Profit after tax corporate income": 26066,
        "Volume": 12000646,
        "Close of Quarter": 30.6,
        "EPS": 5134.0,
        "Non-adjusted EPS": 9241,
        "PE": 3.3,
        "Book Price": 15.2
      }
    },
    {
      "quarter": "Q2 2014",
      "income status": {
        "Net sales": 513498,
        "Cost of goods sold": 428952,
        "Gross Profit": 84546,
        "Financial expenses": 8593,
        "Of which: Interest expense": 5960,
        "Cost of sales": 18538,
        "Enterprise cost management": 15831,
        "Total Operating Expenses": 42962,
        "Total revenue financing activities": 825,
        "Net profit from business activities": 42410,
        "Profit": 875,
        "Profit before tax": 43285,
        "Present corporate income tax expenses": 8756,
        "Deferred income taxes expenses": -102,
        "The interests of minority shareholders": 2410,
        "Total Cost of profits": 11064,
        "Profit after tax corporate income": 32222,
        "Volume": 12000646,
        "Close of Quarter": 19.9,
        "EPS": 4988.5,
        "Non-adjusted EPS": 8979,
        "PE": 2.2,
        "Book Price": 13.9
      }
    },
    {
      "quarter": "Q1 2014",
      "income status": {
        "Net sales": 558805,
        "Cost of goods sold": 483623,
        "Gross Profit": 75182,
        "Financial expenses": 7320,
        "Of which: Interest expense": 7566,
        "Cost of sales": 20685,
        "Enterprise cost management": 15284,
        "Total Operating Expenses": 43289,
        "Total revenue financing activities": 324,
        "Net profit from business activities": 32216,
        "Profit": 2559,
        "Profit before tax": 34775,
        "Present corporate income tax expenses": 6192,
        "Deferred income taxes expenses": 5,
        "The interests of minority shareholders": 1523,
        "Total Cost of profits": 7720,
        "Profit after tax corporate income": 27056,
        "Volume": 12000646,
        "Close of Quarter": 20.8,
        "EPS": 4345.1,
        "Non-adjusted EPS": 7821,
        "PE": 2.7,
        "Book Price": 12.5
      }
    },
    {
      "quarter": "Q4 2013",
      "income status": {
        "Net sales": 651020,
        "Cost of goods sold": 571225,
        "Gross Profit": 79795,
        "Financial expenses": 7859,
        "Of which: Interest expense": -557,
        "Cost of sales": 19834,
        "Enterprise cost management": 21610,
        "Total Operating Expenses": 49303,
        "Total revenue financing activities": 956,
        "Net profit from business activities": 31448,
        "Profit": 1891,
        "Profit before tax": 33339,
        "Present corporate income tax expenses": 5311,
        "Deferred income taxes expenses": -22,
        "The interests of minority shareholders": 2494,
        "Total Cost of profits": 7783,
        "Profit after tax corporate income": 25557,
        "Volume": 12000646,
        "Close of Quarter": 17.7,
        "EPS": 4280.7,
        "Non-adjusted EPS": 7705,
        "PE": 2.3,
        "Book Price": 12.8
      }
    },
    {
      "quarter": "Q3 2013",
      "income status": {
        "Net sales": 466419,
        "Cost of goods sold": 403551,
        "Gross Profit": 62868,
        "Financial expenses": 4145,
        "Of which: Interest expense": 3877,
        "Cost of sales": 12812,
        "Enterprise cost management": 14501,
        "Total Operating Expenses": 31458,
        "Total revenue financing activities": 484,
        "Net profit from business activities": 31895,
        "Profit": 1043,
        "Profit before tax": 32937,
        "Present corporate income tax expenses": 7873,
        "Deferred income taxes expenses": -93,
        "The interests of minority shareholders": 2237,
        "Total Cost of profits": 10017,
        "Profit after tax corporate income": 22920,
        "Volume": 12000646,
        "Close of Quarter": 15.8,
        "EPS": 4246.8,
        "Non-adjusted EPS": 7644,
        "PE": 2.1,
        "Book Price": 11.7
      }
    },
    {
      "quarter": "Q2 2013",
      "income status": {
        "Net sales": 448983,
        "Cost of goods sold": 392266,
        "Gross Profit": 56717,
        "Financial expenses": 5993,
        "Of which: Interest expense": 3110,
        "Cost of sales": 11329,
        "Enterprise cost management": 13306,
        "Total Operating Expenses": 30628,
        "Total revenue financing activities": 625,
        "Net profit from business activities": 26714,
        "Profit": 1183,
        "Profit before tax": 27896,
        "Present corporate income tax expenses": 6750,
        "Deferred income taxes expenses": -50,
        "The interests of minority shareholders": 2876,
        "Total Cost of profits": 9576,
        "Profit after tax corporate income": 18320,
        "Volume": 12000646,
        "Close of Quarter": 12.5,
        "EPS": 3856.2,
        "Non-adjusted EPS": 6941,
        "PE": 1.8,
        "Book Price": 10.6
      }
    },
    {
      "quarter": "Q1 2013",
      "income status": {
        "Net sales": 577919,
        "Cost of goods sold": 501857,
        "Gross Profit": 76063,
        "Financial expenses": 5776,
        "Of which: Interest expense": 5166,
        "Cost of sales": 24654,
        "Enterprise cost management": 13545,
        "Total Operating Expenses": 43975,
        "Total revenue financing activities": 1606,
        "Net profit from business activities": 33695,
        "Profit": 649,
        "Profit before tax": 34344,
        "Present corporate income tax expenses": 6933,
        "Deferred income taxes expenses": 2,
        "The interests of minority shareholders": 1741,
        "Total Cost of profits": 8676,
        "Profit after tax corporate income": 25668,
        "Volume": 12000646,
        "Close of Quarter": 10.7,
        "EPS": 3684.6,
        "Non-adjusted EPS": 6632,
        "PE": 1.6,
        "Book Price": 10.6
      }
    },
    {
      "quarter": "Q4 2012",
      "income status": {
        "Net sales": 573641,
        "Cost of goods sold": 509011,
        "Gross Profit": 64630,
        "Financial expenses": 6321,
        "Of which: Interest expense": 6278,
        "Cost of sales": 21116,
        "Enterprise cost management": 21498,
        "Total Operating Expenses": 48935,
        "Total revenue financing activities": 2393,
        "Net profit from business activities": 18089,
        "Profit": 13302,
        "Profit before tax": 31390,
        "Present corporate income tax expenses": 5401,
        "Deferred income taxes expenses": 129,
        "The interests of minority shareholders": 1041,
        "Total Cost of profits": 6571,
        "Profit after tax corporate income": 24820,
        "Volume": 12000646,
        "Close of Quarter": 5.7,
        "EPS": 3125.7,
        "Non-adjusted EPS": 5626,
        "PE": 1.0,
        "Book Price": 9.4
      }
    },
    {
      "quarter": "Q3 2012",
      "income status": {
        "Net sales": 422886,
        "Cost of goods sold": 370852,
        "Gross Profit": 52034,
        "Financial expenses": 5109,
        "Of which: Interest expense": 5787,
        "Cost of sales": 16545,
        "Enterprise cost management": 12073,
        "Total Operating Expenses": 33727,
        "Total revenue financing activities": 268,
        "Net profit from business activities": 18575,
        "Profit": 1082,
        "Profit before tax": 19657,
        "Present corporate income tax expenses": 4796,
        "Deferred income taxes expenses": "N/A",
        "The interests of minority shareholders": 378,
        "Total Cost of profits": 5174,
        "Profit after tax corporate income": 14483,
        "Volume": 12000646,
        "Close of Quarter": 4.6,
        "EPS": 2563.4,
        "Non-adjusted EPS": 4614,
        "PE": 1,
        "Book Price": 8.8
      }
    },
    {
      "quarter": "Q2 2012",
      "income status": {
        "Net sales": 352619,
        "Cost of goods sold": 301620,
        "Gross Profit": 50999,
        "Financial expenses": 8923,
        "Of which: Interest expense": 7474,
        "Cost of sales": 14357,
        "Enterprise cost management": 12981,
        "Total Operating Expenses": 36261,
        "Total revenue financing activities": 1680,
        "Net profit from business activities": 16418,
        "Profit": 2177,
        "Profit before tax": 18595,
        "Present corporate income tax expenses": 3064,
        "Deferred income taxes expenses": "N/A",
        "The interests of minority shareholders": 918,
        "Total Cost of profits": 3982,
        "Profit after tax corporate income": 14613,
        "Volume": 12000646,
        "Close of Quarter": 5.2,
        "EPS": 2608.4,
        "Non-adjusted EPS": 4695,
        "PE": 1.1,
        "Book Price": 8.1
      }
    },
    {
      "quarter": "Q1 2012",
      "income status": {
        "Net sales": 389476,
        "Cost of goods sold": 338736,
        "Gross Profit": 50740,
        "Financial expenses": 11195,
        "Of which: Interest expense": 10953,
        "Cost of sales": 15522,
        "Enterprise cost management": 11519,
        "Total Operating Expenses": 38236,
        "Total revenue financing activities": 1514,
        "Net profit from business activities": 14018,
        "Profit": 3739,
        "Profit before tax": 17757,
        "Present corporate income tax expenses": 3372,
        "Deferred income taxes expenses": "N/A",
        "The interests of minority shareholders": 782,
        "Total Cost of profits": 4154,
        "Profit after tax corporate income": 13603,
        "Volume": 12000646,
        "Close of Quarter": 5.1,
        "EPS": 2611.7,
        "Non-adjusted EPS": 4701,
        "PE": 1.1,
        "Book Price": 7.4
      }
    },
    {
      "quarter": "Q4 2011",
      "income status": {
        "Net sales": 487008,
        "Cost of goods sold": 425226,
        "Gross Profit": 61782,
        "Financial expenses": 16325,
        "Of which: Interest expense": 13288,
        "Cost of sales": 18551,
        "Enterprise cost management": 15090,
        "Total Operating Expenses": 49966,
        "Total revenue financing activities": 675,
        "Net profit from business activities": 12492,
        "Profit": 1688,
        "Profit before tax": 73139,
        "Present corporate income tax expenses": 769,
        "Deferred income taxes expenses": 187,
        "The interests of minority shareholders": 554,
        "Total Cost of profits": 1510,
        "Profit after tax corporate income": 12670,
        "Volume": 8599760,
        "Close of Quarter": 4.3,
        "EPS": 2595.4,
        "Non-adjusted EPS": 6519,
        "PE": 0.7,
        "Book Price": 8.4
      }
    },
    {
      "quarter": "Q3 2011",
      "income status": {
        "Net sales": 466148,
        "Cost of goods sold": 409802,
        "Gross Profit": 56346,
        "Financial expenses": 11586,
        "Of which: Interest expense": 11684,
        "Cost of sales": 13169,
        "Enterprise cost management": 11305,
        "Total Operating Expenses": 36060,
        "Total revenue financing activities": 499,
        "Net profit from business activities": 20785,
        "Profit": 1189,
        "Profit before tax": 58959,
        "Present corporate income tax expenses": 5739,
        "Deferred income taxes expenses": "N/A",
        "The interests of minority shareholders": 780,
        "Total Cost of profits": 6519,
        "Profit after tax corporate income": 15455,
        "Volume": 8599760,
        "Close of Quarter": 3.8,
        "EPS": 2236.7,
        "Non-adjusted EPS": 5618,
        "PE": 0.7,
        "Book Price": 7.6
      }
    },
    {
      "quarter": "Q2 2011",
      "income status": {
        "Net sales": 387644,
        "Cost of goods sold": 326992,
        "Gross Profit": 60652,
        "Financial expenses": 14175,
        "Of which: Interest expense": 9579,
        "Cost of sales": 18204,
        "Enterprise cost management": 12207,
        "Total Operating Expenses": 44586,
        "Total revenue financing activities": 3781,
        "Net profit from business activities": 19847,
        "Profit": 314,
        "Profit before tax": 20031,
        "Present corporate income tax expenses": 4609,
        "Deferred income taxes expenses": "N/A",
        "The interests of minority shareholders": 735,
        "Total Cost of profits": 5344,
        "Profit after tax corporate income": 14687,
        "Volume": 8599760,
        "Close of Quarter": "N/A",
        "EPS": 2110.1,
        "Non-adjusted EPS": 5300,
        "PE": "N/A",
        "Book Price": 6.9
      }
    },
    {
      "quarter": "Q1 2011",
      "income status": {
        "Net sales": 443553,
        "Cost of goods sold": 392146,
        "Gross Profit": 51407,
        "Financial expenses": 13792,
        "Of which: Interest expense": 10767,
        "Cost of sales": 13907,
        "Enterprise cost management": 10708,
        "Total Operating Expenses": 38407,
        "Total revenue financing activities": 2576,
        "Net profit from business activities": 15575,
        "Profit": 1250,
        "Profit before tax": 16696,
        "Present corporate income tax expenses": 3042,
        "Deferred income taxes expenses": "N/A",
        "The interests of minority shareholders": 399,
        "Total Cost of profits": 3441,
        "Profit after tax corporate income": 13254,
        "Volume": 8599760,
        "Close of Quarter": "N/A",
        "EPS": 1891.1,
        "Non-adjusted EPS": 4750,
        "PE": "N/A",
        "Book Price": 6.2
      }
    },
    {
      "quarter": "Q4 2010",
      "income status": {
        "Net sales": 548609,
        "Cost of goods sold": 505399,
        "Gross Profit": 43210,
        "Financial expenses": 13436,
        "Of which: Interest expense": 11690,
        "Cost of sales": 15151,
        "Enterprise cost management": 10997,
        "Total Operating Expenses": 39584,
        "Total revenue financing activities": 2102,
        "Net profit from business activities": 5729,
        "Profit": 1041,
        "Profit before tax": 6770,
        "Present corporate income tax expenses": 1262,
        "Deferred income taxes expenses": 179,
        "The interests of minority shareholders": 410,
        "Total Cost of profits": 1851,
        "Profit after tax corporate income": 4919,
        "Volume": 8599760,
        "Close of Quarter": "N/A",
        "EPS": 1807.5,
        "Non-adjusted EPS": 4540,
        "PE": "N/A",
        "Book Price": 6.3
      }
    },
    {
      "quarter": "Q3 2010",
      "income status": {
        "Net sales": 417155,
        "Cost of goods sold": 370357,
        "Gross Profit": 46798,
        "Financial expenses": 10192,
        "Of which: Interest expense": 9092,
        "Cost of sales": 10805,
        "Enterprise cost management": 10125,
        "Total Operating Expenses": 31122,
        "Total revenue financing activities": 1030,
        "Net profit from business activities": 16706,
        "Profit": 322,
        "Profit before tax": 17029,
        "Present corporate income tax expenses": 3879,
        "Deferred income taxes expenses": "N/A",
        "The interests of minority shareholders": 426,
        "Total Cost of profits": 4305,
        "Profit after tax corporate income": 12723,
        "Volume": 8599760,
        "Close of Quarter": "N/A",
        "EPS": 1856.9,
        "Non-adjusted EPS": 4664,
        "PE": "N/A",
        "Book Price": "N/A"
      }
    },
    {
      "quarter": "Q2 2010",
      "income status": {
        "Net sales": 335875,
        "Cost of goods sold": 295409,
        "Gross Profit": 40466,
        "Financial expenses": 7373,
        "Of which: Interest expense": 8676,
        "Cost of sales": 11538,
        "Enterprise cost management": 10866,
        "Total Operating Expenses": 29777,
        "Total revenue financing activities": 1073,
        "Net profit from business activities": 11763,
        "Profit": 1822,
        "Profit before tax": 13585,
        "Present corporate income tax expenses": 3046,
        "Deferred income taxes expenses": "N/A",
        "The interests of minority shareholders": 582,
        "Total Cost of profits": 3628,
        "Profit after tax corporate income": 9956,
        "Volume": 8599760,
        "Close of Quarter": "N/A",
        "EPS": 1267.6,
        "Non-adjusted EPS": 3184,
        "PE": "N/A",
        "Book Price": "N/A"
      }
    },
    {
      "quarter": "Q1 2010",
      "income status": {
        "Net sales": 344358,
        "Cost of goods sold": 298399,
        "Gross Profit": 45959,
        "Financial expenses": 8165,
        "Of which: Interest expense": 7172,
        "Cost of sales": 13560,
        "Enterprise cost management": 11702,
        "Total Operating Expenses": 33427,
        "Total revenue financing activities": 2048,
        "Net profit from business activities": 14580,
        "Profit": 617,
        "Profit before tax": 15197,
        "Present corporate income tax expenses": 3510,
        "Deferred income taxes expenses": "N/A",
        "The interests of minority shareholders": 238,
        "Total Cost of profits": 3748,
        "Profit after tax corporate income": 11449,
        "Volume": 8599760,
        "Close of Quarter": "N/A",
        "EPS": 806.6,
        "Non-adjusted EPS": 2026,
        "PE": "N/A",
        "Book Price": "N/A"
      }
    },
    {
      "quarter": "Q3 2008",
      "income status": {
        "Net sales": 241545,
        "Cost of goods sold": 207406,
        "Gross Profit": 34139,
        "Financial expenses": 14465,
        "Of which: Interest expense": "N/A",
        "Cost of sales": 11681,
        "Enterprise cost management": 6470,
        "Total Operating Expenses": 32616,
        "Total revenue financing activities": 5324,
        "Net profit from business activities": 6848,
        "Profit": 103,
        "Profit before tax": 6951,
        "Present corporate income tax expenses": 973,
        "Deferred income taxes expenses": "N/A",
        "The interests of minority shareholders": "N/A",
        "Total Cost of profits": 973,
        "Profit after tax corporate income": 5978,
        "Volume": 8599760,
        "Close of Quarter": "N/A",
        "EPS": 276.7,
        "Non-adjusted EPS": 695,
        "PE": "N/A",
        "Book Price": "N/A"
      }
    }
  ]
}