{
  "ticker": "GEX",
  "data": [
    {
      "quarter": "Q1 2017",
      "income status": {
        "Net sales": 2828672,
        "Cost of goods sold": 2344160,
        "Gross Profit": 484512,
        "Financial expenses": 107793,
        "Of which: Interest expense": 102920,
        "Cost of sales": 74811,
        "Enterprise cost management": 120075,
        "Total Operating Expenses": 302679,
        "Total revenue financing activities": 607903,
        "Net profit from business activities": 779102,
        "Profit": 1615,
        "Profit before tax": 780717,
        "Present corporate income tax expenses": 156718,
        "Deferred income taxes expenses": -466,
        "The interests of minority shareholders": 322760,
        "Total Cost of profits": 479012,
        "Profit after tax corporate income": 301706,
        "Volume": 232000000,
        "Close of Quarter": 20.4,
        "EPS": 2905,
        "Non-adjusted EPS": 2905,
        "PE": 7.0,
        "Book Price": 27.2
      }
    },
    {
      "quarter": "Q4 2016",
      "income status": {
        "Net sales": 1723941,
        "Cost of goods sold": 1494660,
        "Gross Profit": 229281,
        "Financial expenses": 58493,
        "Of which: Interest expense": 29130,
        "Cost of sales": 18773,
        "Enterprise cost management": 55957,
        "Total Operating Expenses": 133223,
        "Total revenue financing activities": 44486,
        "Net profit from business activities": 118185,
        "Profit": -19540,
        "Profit before tax": 98645,
        "Present corporate income tax expenses": 27293,
        "Deferred income taxes expenses": -3569,
        "The interests of minority shareholders": 22645,
        "Total Cost of profits": 46369,
        "Profit after tax corporate income": 52276,
        "Volume": 155000000,
        "Close of Quarter": 19.7,
        "EPS": 1977.6,
        "Non-adjusted EPS": 2960,
        "PE": 6.7,
        "Book Price": 14.1
      }
    },
    {
      "quarter": "Q3 2016",
      "income status": {
        "Net sales": 1925758,
        "Cost of goods sold": 1656093,
        "Gross Profit": 269666,
        "Financial expenses": 17135,
        "Of which: Interest expense": 15627,
        "Cost of sales": 53326,
        "Enterprise cost management": 64065,
        "Total Operating Expenses": 134526,
        "Total revenue financing activities": 52047,
        "Net profit from business activities": 228332,
        "Profit": 1960,
        "Profit before tax": 230292,
        "Present corporate income tax expenses": 36677,
        "Deferred income taxes expenses": -341,
        "The interests of minority shareholders": 31245,
        "Total Cost of profits": 67581,
        "Profit after tax corporate income": 162710,
        "Volume": 155000000,
        "Close of Quarter": 19.7,
        "EPS": 2209.4,
        "Non-adjusted EPS": 3307,
        "PE": 6.0,
        "Book Price": 12.9
      }
    },
    {
      "quarter": "Q2 2016",
      "income status": {
        "Net sales": 1990817,
        "Cost of goods sold": 1733015,
        "Gross Profit": 257802,
        "Financial expenses": 12056,
        "Of which: Interest expense": 16617,
        "Cost of sales": 42374,
        "Enterprise cost management": 56025,
        "Total Operating Expenses": 110455,
        "Total revenue financing activities": 112534,
        "Net profit from business activities": 234306,
        "Profit": -2250,
        "Profit before tax": 232056,
        "Present corporate income tax expenses": 33698,
        "Deferred income taxes expenses": 765,
        "The interests of minority shareholders": 40226,
        "Total Cost of profits": 74689,
        "Profit after tax corporate income": 157367,
        "Volume": 155000000,
        "Close of Quarter": 21.9,
        "EPS": 1918.1,
        "Non-adjusted EPS": 2871,
        "PE": 7.6,
        "Book Price": 12.7
      }
    },
    {
      "quarter": "Q1 2016",
      "income status": {
        "Net sales": 1644335,
        "Cost of goods sold": 1434077,
        "Gross Profit": 210258,
        "Financial expenses": 12938,
        "Of which: Interest expense": 6410,
        "Cost of sales": 35591,
        "Enterprise cost management": 53313,
        "Total Operating Expenses": 101842,
        "Total revenue financing activities": 38377,
        "Net profit from business activities": 133613,
        "Profit": -593,
        "Profit before tax": 133021,
        "Present corporate income tax expenses": 19611,
        "Deferred income taxes expenses": 3327,
        "The interests of minority shareholders": 23632,
        "Total Cost of profits": 46570,
        "Profit after tax corporate income": 86451,
        "Volume": 155000000,
        "Close of Quarter": 21.9,
        "EPS": 1656.2,
        "Non-adjusted EPS": 2479,
        "PE": 8.8,
        "Book Price": 12.0
      }
    },
    {
      "quarter": "Q3 2015",
      "income status": {
        "Net sales": 3427532,
        "Cost of goods sold": 3200847,
        "Gross Profit": 226685,
        "Financial expenses": 17703,
        "Of which: Interest expense": 2642,
        "Cost of sales": 49426,
        "Enterprise cost management": 73735,
        "Total Operating Expenses": 140864,
        "Total revenue financing activities": 27936,
        "Net profit from business activities": 131990,
        "Profit": 1051,
        "Profit before tax": 133041,
        "Present corporate income tax expenses": 20393,
        "Deferred income taxes expenses": 11,
        "The interests of minority shareholders": 6519,
        "Total Cost of profits": 26923,
        "Profit after tax corporate income": 106118,
        "Volume": 155000000,
        "Close of Quarter": "N/A",
        "EPS": 1382.3,
        "Non-adjusted EPS": 2069,
        "PE": "N/A",
        "Book Price": 12.0
      }
    },
    {
      "quarter": "Q2 2015",
      "income status": {
        "Net sales": 2305752,
        "Cost of goods sold": 1977194,
        "Gross Profit": 328558,
        "Financial expenses": 23002,
        "Of which: Interest expense": 23358,
        "Cost of sales": 36872,
        "Enterprise cost management": 90765,
        "Total Operating Expenses": 150639,
        "Total revenue financing activities": 32408,
        "Net profit from business activities": 200158,
        "Profit": -71,
        "Profit before tax": 200087,
        "Present corporate income tax expenses": 31434,
        "Deferred income taxes expenses": 3774,
        "The interests of minority shareholders": 69871,
        "Total Cost of profits": 105079,
        "Profit after tax corporate income": 95009,
        "Volume": 155000000,
        "Close of Quarter": "N/A",
        "EPS": 1433.8,
        "Non-adjusted EPS": 2146,
        "PE": "N/A",
        "Book Price": 11.8
      }
    },
    {
      "quarter": "Q1 2015",
      "income status": {
        "Net sales": 2026460,
        "Cost of goods sold": 1740801,
        "Gross Profit": 285659,
        "Financial expenses": 14817,
        "Of which: Interest expense": 9025,
        "Cost of sales": 62327,
        "Enterprise cost management": 71092,
        "Total Operating Expenses": 148236,
        "Total revenue financing activities": 10029,
        "Net profit from business activities": 160037,
        "Profit": 844,
        "Profit before tax": 160882,
        "Present corporate income tax expenses": 40536,
        "Deferred income taxes expenses": -2988,
        "The interests of minority shareholders": 26685,
        "Total Cost of profits": 64233,
        "Profit after tax corporate income": 96648,
        "Volume": 155000000,
        "Close of Quarter": "N/A",
        "EPS": 1024.2,
        "Non-adjusted EPS": 1533,
        "PE": "N/A",
        "Book Price": 12.4
      }
    },
    {
      "quarter": "Q4 2014",
      "income status": {
        "Net sales": 2202858,
        "Cost of goods sold": 1815397,
        "Gross Profit": 387461,
        "Financial expenses": 2285,
        "Of which: Interest expense": 27826,
        "Cost of sales": 121733,
        "Enterprise cost management": 125185,
        "Total Operating Expenses": 249203,
        "Total revenue financing activities": 12048,
        "Net profit from business activities": 142217,
        "Profit": -34348,
        "Profit before tax": 107869,
        "Present corporate income tax expenses": 37888,
        "Deferred income taxes expenses": -1002,
        "The interests of minority shareholders": 48033,
        "Total Cost of profits": 84919,
        "Profit after tax corporate income": 22951,
        "Volume": 155000000,
        "Close of Quarter": "N/A",
        "EPS": 607.3,
        "Non-adjusted EPS": 909,
        "PE": "N/A",
        "Book Price": 11.8
      }
    },
    {
      "quarter": "Q3 2014",
      "income status": {
        "Net sales": 1892894,
        "Cost of goods sold": 1580902,
        "Gross Profit": 311992,
        "Financial expenses": 19439,
        "Of which: Interest expense": 1968,
        "Cost of sales": 97337,
        "Enterprise cost management": 94812,
        "Total Operating Expenses": 211588,
        "Total revenue financing activities": 8045,
        "Net profit from business activities": 138786,
        "Profit": 1280,
        "Profit before tax": 140066,
        "Present corporate income tax expenses": 22435,
        "Deferred income taxes expenses": -367,
        "The interests of minority shareholders": "N/A",
        "Total Cost of profits": 22068,
        "Profit after tax corporate income": 117998,
        "Volume": 155000000,
        "Close of Quarter": "N/A",
        "EPS": 508.4,
        "Non-adjusted EPS": 761,
        "PE": "N/A",
        "Book Price": 11.6
      }
    }
  ]
}