{
  "ticker": "BED",
  "data": [
    {
      "quarter": "Q1 2017",
      "income status": {
        "Net sales": 8517,
        "Cost of goods sold": 4982,
        "Gross Profit": 3534,
        "Financial expenses": "N/A",
        "Of which: Interest expense": "N/A",
        "Cost of sales": 2111,
        "Enterprise cost management": 508,
        "Total Operating Expenses": 2619,
        "Total revenue financing activities": 63,
        "Net profit from business activities": 977,
        "Profit": 28,
        "Profit before tax": 1005,
        "Present corporate income tax expenses": 205,
        "Deferred income taxes expenses": "N/A",
        "The interests of minority shareholders": "N/A",
        "Total Cost of profits": 205,
        "Profit after tax corporate income": 800,
        "Volume": 3000000,
        "Close of Quarter": 33.7,
        "EPS": 2115,
        "Non-adjusted EPS": 2115,
        "PE": 15.9,
        "Book Price": 15.3
      }
    },
    {
      "quarter": "Q4 2016",
      "income status": {
        "Net sales": 11960,
        "Cost of goods sold": 9217,
        "Gross Profit": 2743,
        "Financial expenses": "N/A",
        "Of which: Interest expense": "N/A",
        "Cost of sales": 589,
        "Enterprise cost management": 276,
        "Total Operating Expenses": 865,
        "Total revenue financing activities": 273,
        "Net profit from business activities": 2151,
        "Profit": 469,
        "Profit before tax": 2620,
        "Present corporate income tax expenses": 524,
        "Deferred income taxes expenses": "N/A",
        "The interests of minority shareholders": "N/A",
        "Total Cost of profits": 524,
        "Profit after tax corporate income": 2096,
        "Volume": 3000000,
        "Close of Quarter": 31.3,
        "EPS": 2050,
        "Non-adjusted EPS": 2050,
        "PE": 15.3,
        "Book Price": 15
      }
    },
    {
      "quarter": "Q3 2016",
      "income status": {
        "Net sales": 25513,
        "Cost of goods sold": 18319,
        "Gross Profit": 7194,
        "Financial expenses": "N/A",
        "Of which: Interest expense": "N/A",
        "Cost of sales": 4304,
        "Enterprise cost management": 834,
        "Total Operating Expenses": 5138,
        "Total revenue financing activities": 113,
        "Net profit from business activities": 2169,
        "Profit": 12,
        "Profit before tax": 2181,
        "Present corporate income tax expenses": 438,
        "Deferred income taxes expenses": "N/A",
        "The interests of minority shareholders": "N/A",
        "Total Cost of profits": 438,
        "Profit after tax corporate income": 1743,
        "Volume": 3000000,
        "Close of Quarter": 33.9,
        "EPS": 2048,
        "Non-adjusted EPS": 2048,
        "PE": 16.6,
        "Book Price": 14.3
      }
    },
    {
      "quarter": "Q2 2016",
      "income status": {
        "Net sales": 25112,
        "Cost of goods sold": 18818,
        "Gross Profit": 6295,
        "Financial expenses": "N/A",
        "Of which: Interest expense": "N/A",
        "Cost of sales": 3608,
        "Enterprise cost management": 825,
        "Total Operating Expenses": 4433,
        "Total revenue financing activities": 192,
        "Net profit from business activities": 2054,
        "Profit": 79,
        "Profit before tax": 2133,
        "Present corporate income tax expenses": 428,
        "Deferred income taxes expenses": "N/A",
        "The interests of minority shareholders": "N/A",
        "Total Cost of profits": 428,
        "Profit after tax corporate income": 1705,
        "Volume": 3000000,
        "Close of Quarter": 36.7,
        "EPS": 1886,
        "Non-adjusted EPS": 1886,
        "PE": 19.5,
        "Book Price": 13.8
      }
    },
    {
      "quarter": "Q1 2016",
      "income status": {
        "Net sales": 8720,
        "Cost of goods sold": 5036,
        "Gross Profit": 3684,
        "Financial expenses": 2,
        "Of which: Interest expense": 2,
        "Cost of sales": 2574,
        "Enterprise cost management": 548,
        "Total Operating Expenses": 3124,
        "Total revenue financing activities": 186,
        "Net profit from business activities": 745,
        "Profit": 4,
        "Profit before tax": 749,
        "Present corporate income tax expenses": 142,
        "Deferred income taxes expenses": "N/A",
        "The interests of minority shareholders": "N/A",
        "Total Cost of profits": 142,
        "Profit after tax corporate income": 607,
        "Volume": 3000000,
        "Close of Quarter": 32.9,
        "EPS": 1686,
        "Non-adjusted EPS": 1686,
        "PE": 19.5,
        "Book Price": 14.6
      }
    },
    {
      "quarter": "Q4 2015",
      "income status": {
        "Net sales": 10626,
        "Cost of goods sold": 6315,
        "Gross Profit": 4310,
        "Financial expenses": "N/A",
        "Of which: Interest expense": "N/A",
        "Cost of sales": 1751,
        "Enterprise cost management": 206,
        "Total Operating Expenses": 1957,
        "Total revenue financing activities": 261,
        "Net profit from business activities": 2615,
        "Profit": 66,
        "Profit before tax": 2681,
        "Present corporate income tax expenses": 590,
        "Deferred income taxes expenses": "N/A",
        "The interests of minority shareholders": "N/A",
        "Total Cost of profits": 590,
        "Profit after tax corporate income": 2090,
        "Volume": 3000000,
        "Close of Quarter": 25.7,
        "EPS": 1615,
        "Non-adjusted EPS": 1615,
        "PE": 15.9,
        "Book Price": 14.5
      }
    },
    {
      "quarter": "Q3 2015",
      "income status": {
        "Net sales": 25774,
        "Cost of goods sold": 18953,
        "Gross Profit": 6821,
        "Financial expenses": "N/A",
        "Of which: Interest expense": "N/A",
        "Cost of sales": 4220,
        "Enterprise cost management": 1084,
        "Total Operating Expenses": 5304,
        "Total revenue financing activities": 147,
        "Net profit from business activities": 1664,
        "Profit": -44,
        "Profit before tax": 1620,
        "Present corporate income tax expenses": 365,
        "Deferred income taxes expenses": "N/A",
        "The interests of minority shareholders": "N/A",
        "Total Cost of profits": 365,
        "Profit after tax corporate income": 1255,
        "Volume": 3000000,
        "Close of Quarter": 19.5,
        "EPS": 1754,
        "Non-adjusted EPS": 1754,
        "PE": 11.1,
        "Book Price": 13.8
      }
    },
    {
      "quarter": "Q2 2015",
      "income status": {
        "Net sales": 23826,
        "Cost of goods sold": 17528,
        "Gross Profit": 6298,
        "Financial expenses": 62,
        "Of which: Interest expense": 62,
        "Cost of sales": 4131,
        "Enterprise cost management": 947,
        "Total Operating Expenses": 5140,
        "Total revenue financing activities": 170,
        "Net profit from business activities": 1328,
        "Profit": 92,
        "Profit before tax": 1420,
        "Present corporate income tax expenses": 314,
        "Deferred income taxes expenses": "N/A",
        "The interests of minority shareholders": "N/A",
        "Total Cost of profits": 314,
        "Profit after tax corporate income": 1105,
        "Volume": 3000000,
        "Close of Quarter": 13.7,
        "EPS": 1580,
        "Non-adjusted EPS": 1580,
        "PE": 8.7,
        "Book Price": 13.4
      }
    },
    {
      "quarter": "Q1 2015",
      "income status": {
        "Net sales": 7312,
        "Cost of goods sold": 4158,
        "Gross Profit": 3153,
        "Financial expenses": "N/A",
        "Of which: Interest expense": "N/A",
        "Cost of sales": 2344,
        "Enterprise cost management": 390,
        "Total Operating Expenses": 2734,
        "Total revenue financing activities": 150,
        "Net profit from business activities": 569,
        "Profit": -63,
        "Profit before tax": 506,
        "Present corporate income tax expenses": 110,
        "Deferred income taxes expenses": "N/A",
        "The interests of minority shareholders": "N/A",
        "Total Cost of profits": 110,
        "Profit after tax corporate income": 396,
        "Volume": 3000000,
        "Close of Quarter": 15.6,
        "EPS": 1435,
        "Non-adjusted EPS": 1435,
        "PE": 10.9,
        "Book Price": 13.1
      }
    },
    {
      "quarter": "Q4 2014",
      "income status": {
        "Net sales": 10836,
        "Cost of goods sold": 6842,
        "Gross Profit": 3994,
        "Financial expenses": 7,
        "Of which: Interest expense": "N/A",
        "Cost of sales": 1415,
        "Enterprise cost management": -123,
        "Total Operating Expenses": 1299,
        "Total revenue financing activities": 227,
        "Net profit from business activities": 2923,
        "Profit": 304,
        "Profit before tax": 3226,
        "Present corporate income tax expenses": 720,
        "Deferred income taxes expenses": "N/A",
        "The interests of minority shareholders": "N/A",
        "Total Cost of profits": 720,
        "Profit after tax corporate income": 2506,
        "Volume": 3000000,
        "Close of Quarter": 11.3,
        "EPS": 1433,
        "Non-adjusted EPS": 1433,
        "PE": 7.9,
        "Book Price": 14.3
      }
    },
    {
      "quarter": "Q3 2014",
      "income status": {
        "Net sales": 21579,
        "Cost of goods sold": 15866,
        "Gross Profit": 5712,
        "Financial expenses": "N/A",
        "Of which: Interest expense": "N/A",
        "Cost of sales": 4404,
        "Enterprise cost management": 869,
        "Total Operating Expenses": 5273,
        "Total revenue financing activities": 189,
        "Net profit from business activities": 628,
        "Profit": 311,
        "Profit before tax": 940,
        "Present corporate income tax expenses": 208,
        "Deferred income taxes expenses": "N/A",
        "The interests of minority shareholders": "N/A",
        "Total Cost of profits": 208,
        "Profit after tax corporate income": 732,
        "Volume": 3000000,
        "Close of Quarter": 12.8,
        "EPS": 1185,
        "Non-adjusted EPS": 1185,
        "PE": 10.8,
        "Book Price": 13.4
      }
    },
    {
      "quarter": "Q2 2014",
      "income status": {
        "Net sales": 24896,
        "Cost of goods sold": 19927,
        "Gross Profit": 4969,
        "Financial expenses": "N/A",
        "Of which: Interest expense": "N/A",
        "Cost of sales": 3445,
        "Enterprise cost management": 1114,
        "Total Operating Expenses": 4559,
        "Total revenue financing activities": 225,
        "Net profit from business activities": 635,
        "Profit": 227,
        "Profit before tax": 862,
        "Present corporate income tax expenses": 191,
        "Deferred income taxes expenses": "N/A",
        "The interests of minority shareholders": "N/A",
        "Total Cost of profits": 191,
        "Profit after tax corporate income": 672,
        "Volume": 3000000,
        "Close of Quarter": 9.3,
        "EPS": 1300,
        "Non-adjusted EPS": 1300,
        "PE": 7.1,
        "Book Price": 13.2
      }
    },
    {
      "quarter": "Q1 2014",
      "income status": {
        "Net sales": 9637,
        "Cost of goods sold": 6642,
        "Gross Profit": 2995,
        "Financial expenses": 5,
        "Of which: Interest expense": 5,
        "Cost of sales": 2397,
        "Enterprise cost management": 472,
        "Total Operating Expenses": 2874,
        "Total revenue financing activities": 221,
        "Net profit from business activities": 342,
        "Profit": 160,
        "Profit before tax": 503,
        "Present corporate income tax expenses": 114,
        "Deferred income taxes expenses": "N/A",
        "The interests of minority shareholders": "N/A",
        "Total Cost of profits": 114,
        "Profit after tax corporate income": 389,
        "Volume": 3000000,
        "Close of Quarter": 10.2,
        "EPS": 1401,
        "Non-adjusted EPS": 1401,
        "PE": 7.3,
        "Book Price": 14.2
      }
    },
    {
      "quarter": "Q4 2013",
      "income status": {
        "Net sales": 10151,
        "Cost of goods sold": 6349,
        "Gross Profit": 3802,
        "Financial expenses": "N/A",
        "Of which: Interest expense": "N/A",
        "Cost of sales": 1648,
        "Enterprise cost management": 327,
        "Total Operating Expenses": 1975,
        "Total revenue financing activities": 165,
        "Net profit from business activities": 1991,
        "Profit": 113,
        "Profit before tax": 2104,
        "Present corporate income tax expenses": 343,
        "Deferred income taxes expenses": "N/A",
        "The interests of minority shareholders": "N/A",
        "Total Cost of profits": 343,
        "Profit after tax corporate income": 1761,
        "Volume": 3000000,
        "Close of Quarter": 7.6,
        "EPS": 1445,
        "Non-adjusted EPS": 1445,
        "PE": 5.3,
        "Book Price": 14.1
      }
    },
    {
      "quarter": "Q3 2013",
      "income status": {
        "Net sales": 24717,
        "Cost of goods sold": 17529,
        "Gross Profit": 7188,
        "Financial expenses": "N/A",
        "Of which: Interest expense": "N/A",
        "Cost of sales": 4964,
        "Enterprise cost management": 1031,
        "Total Operating Expenses": 5995,
        "Total revenue financing activities": 97,
        "Net profit from business activities": 1290,
        "Profit": 39,
        "Profit before tax": 1330,
        "Present corporate income tax expenses": 252,
        "Deferred income taxes expenses": "N/A",
        "The interests of minority shareholders": "N/A",
        "Total Cost of profits": 252,
        "Profit after tax corporate income": 1078,
        "Volume": 3000000,
        "Close of Quarter": 7.2,
        "EPS": 1418,
        "Non-adjusted EPS": 1418,
        "PE": 5.1,
        "Book Price": 13.5
      }
    },
    {
      "quarter": "Q2 2013",
      "income status": {
        "Net sales": 28145,
        "Cost of goods sold": 21805,
        "Gross Profit": 6340,
        "Financial expenses": 162,
        "Of which: Interest expense": 162,
        "Cost of sales": 4679,
        "Enterprise cost management": 1045,
        "Total Operating Expenses": 5886,
        "Total revenue financing activities": 325,
        "Net profit from business activities": 779,
        "Profit": 437,
        "Profit before tax": 1216,
        "Present corporate income tax expenses": 240,
        "Deferred income taxes expenses": "N/A",
        "The interests of minority shareholders": "N/A",
        "Total Cost of profits": 240,
        "Profit after tax corporate income": 976,
        "Volume": 3000000,
        "Close of Quarter": 7.2,
        "EPS": 1570,
        "Non-adjusted EPS": 1570,
        "PE": 4.6,
        "Book Price": 13.2
      }
    },
    {
      "quarter": "Q1 2013",
      "income status": {
        "Net sales": 10628,
        "Cost of goods sold": 6804,
        "Gross Profit": 3825,
        "Financial expenses": "N/A",
        "Of which: Interest expense": "N/A",
        "Cost of sales": 2724,
        "Enterprise cost management": 534,
        "Total Operating Expenses": 3258,
        "Total revenue financing activities": 44,
        "Net profit from business activities": 611,
        "Profit": 32,
        "Profit before tax": 643,
        "Present corporate income tax expenses": 124,
        "Deferred income taxes expenses": "N/A",
        "The interests of minority shareholders": "N/A",
        "Total Cost of profits": 124,
        "Profit after tax corporate income": 519,
        "Volume": 3000000,
        "Close of Quarter": 5.8,
        "EPS": 1553,
        "Non-adjusted EPS": 1553,
        "PE": 3.7,
        "Book Price": 12.9
      }
    },
    {
      "quarter": "Q4 2012",
      "income status": {
        "Net sales": 12604,
        "Cost of goods sold": 8613,
        "Gross Profit": 3991,
        "Financial expenses": "N/A",
        "Of which: Interest expense": "N/A",
        "Cost of sales": 3244,
        "Enterprise cost management": 474,
        "Total Operating Expenses": 3718,
        "Total revenue financing activities": 152,
        "Net profit from business activities": 425,
        "Profit": 1802,
        "Profit before tax": 2227,
        "Present corporate income tax expenses": 547,
        "Deferred income taxes expenses": "N/A",
        "The interests of minority shareholders": "N/A",
        "Total Cost of profits": 547,
        "Profit after tax corporate income": 1680,
        "Volume": 3000000,
        "Close of Quarter": 7.1,
        "EPS": 1520,
        "Non-adjusted EPS": 1520,
        "PE": 4.7,
        "Book Price": 14
      }
    },
    {
      "quarter": "Q3 2012",
      "income status": {
        "Net sales": 26333,
        "Cost of goods sold": 18293,
        "Gross Profit": 8039,
        "Financial expenses": "N/A",
        "Of which: Interest expense": "N/A",
        "Cost of sales": 5168,
        "Enterprise cost management": 1103,
        "Total Operating Expenses": 6271,
        "Total revenue financing activities": 102,
        "Net profit from business activities": 1870,
        "Profit": -233,
        "Profit before tax": 1636,
        "Present corporate income tax expenses": 101,
        "Deferred income taxes expenses": "N/A",
        "The interests of minority shareholders": "N/A",
        "Total Cost of profits": 101,
        "Profit after tax corporate income": 1535,
        "Volume": 3000000,
        "Close of Quarter": 6.1,
        "EPS": 2276,
        "Non-adjusted EPS": 2276,
        "PE": 2.7,
        "Book Price": 13.5
      }
    },
    {
      "quarter": "Q2 2012",
      "income status": {
        "Net sales": 28615,
        "Cost of goods sold": 22756,
        "Gross Profit": 5859,
        "Financial expenses": 57,
        "Of which: Interest expense": 57,
        "Cost of sales": 3728,
        "Enterprise cost management": 1039,
        "Total Operating Expenses": 4824,
        "Total revenue financing activities": 147,
        "Net profit from business activities": 1183,
        "Profit": 53,
        "Profit before tax": 1236,
        "Present corporate income tax expenses": 310,
        "Deferred income taxes expenses": "N/A",
        "The interests of minority shareholders": "N/A",
        "Total Cost of profits": 310,
        "Profit after tax corporate income": 926,
        "Volume": 3000000,
        "Close of Quarter": 7.0,
        "EPS": 2147,
        "Non-adjusted EPS": 2147,
        "PE": 3.3,
        "Book Price": 13
      }
    },
    {
      "quarter": "Q1 2012",
      "income status": {
        "Net sales": 10910,
        "Cost of goods sold": 7386,
        "Gross Profit": 3524,
        "Financial expenses": "N/A",
        "Of which: Interest expense": "N/A",
        "Cost of sales": 2537,
        "Enterprise cost management": 528,
        "Total Operating Expenses": 3065,
        "Total revenue financing activities": 17,
        "Net profit from business activities": 476,
        "Profit": 91,
        "Profit before tax": 567,
        "Present corporate income tax expenses": 147,
        "Deferred income taxes expenses": "N/A",
        "The interests of minority shareholders": "N/A",
        "Total Cost of profits": 147,
        "Profit after tax corporate income": 420,
        "Volume": 3000000,
        "Close of Quarter": 6.7,
        "EPS": 2114,
        "Non-adjusted EPS": 2114,
        "PE": 3.2,
        "Book Price": 13
      }
    },
    {
      "quarter": "Q4 2011",
      "income status": {
        "Net sales": 79891,
        "Cost of goods sold": 57115,
        "Gross Profit": 22777,
        "Financial expenses": 743,
        "Of which: Interest expense": 609,
        "Cost of sales": 14518,
        "Enterprise cost management": 2833,
        "Total Operating Expenses": 18094,
        "Total revenue financing activities": 272,
        "Net profit from business activities": 4954,
        "Profit": 333,
        "Profit before tax": 5288,
        "Present corporate income tax expenses": 1341,
        "Deferred income taxes expenses": "N/A",
        "The interests of minority shareholders": "N/A",
        "Total Cost of profits": 1341,
        "Profit after tax corporate income": 3947,
        "Volume": 3000000,
        "Close of Quarter": 6.7,
        "EPS": 2195,
        "Non-adjusted EPS": 2195,
        "PE": 3.1,
        "Book Price": 12.9
      }
    },
    {
      "quarter": "Q3 2011",
      "income status": {
        "Net sales": 26240,
        "Cost of goods sold": 18748,
        "Gross Profit": 7493,
        "Financial expenses": 217,
        "Of which: Interest expense": 150,
        "Cost of sales": 4872,
        "Enterprise cost management": 993,
        "Total Operating Expenses": 6082,
        "Total revenue financing activities": 83,
        "Net profit from business activities": 1494,
        "Profit": 45,
        "Profit before tax": 1539,
        "Present corporate income tax expenses": 391,
        "Deferred income taxes expenses": "N/A",
        "The interests of minority shareholders": "N/A",
        "Total Cost of profits": 391,
        "Profit after tax corporate income": 1148,
        "Volume": 3000000,
        "Close of Quarter": 6.0,
        "EPS": 1283,
        "Non-adjusted EPS": 1283,
        "PE": 4.7,
        "Book Price": 13.3
      }
    },
    {
      "quarter": "Q2 2011",
      "income status": {
        "Net sales": 26832,
        "Cost of goods sold": 20266,
        "Gross Profit": 6566,
        "Financial expenses": 205,
        "Of which: Interest expense": 200,
        "Cost of sales": 4506,
        "Enterprise cost management": 840,
        "Total Operating Expenses": 5551,
        "Total revenue financing activities": 46,
        "Net profit from business activities": 1061,
        "Profit": 54,
        "Profit before tax": 1115,
        "Present corporate income tax expenses": 289,
        "Deferred income taxes expenses": "N/A",
        "The interests of minority shareholders": "N/A",
        "Total Cost of profits": 289,
        "Profit after tax corporate income": 826,
        "Volume": 3000000,
        "Close of Quarter": 6.3,
        "EPS": 992,
        "Non-adjusted EPS": 992,
        "PE": 6.3,
        "Book Price": 12.9
      }
    },
    {
      "quarter": "Q1 2011",
      "income status": {
        "Net sales": 12848,
        "Cost of goods sold": 8670,
        "Gross Profit": 4178,
        "Financial expenses": 200,
        "Of which: Interest expense": 200,
        "Cost of sales": 2503,
        "Enterprise cost management": 621,
        "Total Operating Expenses": 3324,
        "Total revenue financing activities": 32,
        "Net profit from business activities": 886,
        "Profit": -2,
        "Profit before tax": 883,
        "Present corporate income tax expenses": 218,
        "Deferred income taxes expenses": "N/A",
        "The interests of minority shareholders": "N/A",
        "Total Cost of profits": 218,
        "Profit after tax corporate income": 665,
        "Volume": 3000000,
        "Close of Quarter": 5.8,
        "EPS": 1217,
        "Non-adjusted EPS": 1217,
        "PE": 4.8,
        "Book Price": 13.2
      }
    },
    {
      "quarter": "Q4 2010",
      "income status": {
        "Net sales": 13873,
        "Cost of goods sold": 9740,
        "Gross Profit": 4132,
        "Financial expenses": 248,
        "Of which: Interest expense": 202,
        "Cost of sales": 1827,
        "Enterprise cost management": 214,
        "Total Operating Expenses": 2289,
        "Total revenue financing activities": 49,
        "Net profit from business activities": 1892,
        "Profit": -279,
        "Profit before tax": 1614,
        "Present corporate income tax expenses": 405,
        "Deferred income taxes expenses": "N/A",
        "The interests of minority shareholders": "N/A",
        "Total Cost of profits": 405,
        "Profit after tax corporate income": 1209,
        "Volume": 3000000,
        "Close of Quarter": 7.1,
        "EPS": 1165,
        "Non-adjusted EPS": 1165,
        "PE": 6.1,
        "Book Price": 13
      }
    },
    {
      "quarter": "Q3 2010",
      "income status": {
        "Net sales": 26715,
        "Cost of goods sold": 19633,
        "Gross Profit": 7082,
        "Financial expenses": 250,
        "Of which: Interest expense": 215,
        "Cost of sales": 5292,
        "Enterprise cost management": 1224,
        "Total Operating Expenses": 6766,
        "Total revenue financing activities": 83,
        "Net profit from business activities": 400,
        "Profit": -29,
        "Profit before tax": 371,
        "Present corporate income tax expenses": 94,
        "Deferred income taxes expenses": "N/A",
        "The interests of minority shareholders": "N/A",
        "Total Cost of profits": 94,
        "Profit after tax corporate income": 277,
        "Volume": 3000000,
        "Close of Quarter": 7.4,
        "EPS": 997,
        "Non-adjusted EPS": 997,
        "PE": 7.4,
        "Book Price": 13.1
      }
    },
    {
      "quarter": "Q2 2010",
      "income status": {
        "Net sales": 31343,
        "Cost of goods sold": 24415,
        "Gross Profit": 6929,
        "Financial expenses": 244,
        "Of which: Interest expense": 244,
        "Cost of sales": 3892,
        "Enterprise cost management": 848,
        "Total Operating Expenses": 4984,
        "Total revenue financing activities": 34,
        "Net profit from business activities": 1978,
        "Profit": 24,
        "Profit before tax": 2003,
        "Present corporate income tax expenses": 502,
        "Deferred income taxes expenses": "N/A",
        "The interests of minority shareholders": "N/A",
        "Total Cost of profits": 502,
        "Profit after tax corporate income": 1501,
        "Volume": 3000000,
        "Close of Quarter": 7.4,
        "EPS": 1363,
        "Non-adjusted EPS": 1363,
        "PE": 5.4,
        "Book Price": 13.1
      }
    },
    {
      "quarter": "Q1 2010",
      "income status": {
        "Net sales": 10375,
        "Cost of goods sold": 6982,
        "Gross Profit": 3393,
        "Financial expenses": 101,
        "Of which: Interest expense": 101,
        "Cost of sales": 2219,
        "Enterprise cost management": 471,
        "Total Operating Expenses": 2791,
        "Total revenue financing activities": 40,
        "Net profit from business activities": 642,
        "Profit": 41,
        "Profit before tax": 683,
        "Present corporate income tax expenses": 174,
        "Deferred income taxes expenses": "N/A",
        "The interests of minority shareholders": "N/A",
        "Total Cost of profits": 174,
        "Profit after tax corporate income": 509,
        "Volume": 3000000,
        "Close of Quarter": 7.1,
        "EPS": 1242,
        "Non-adjusted EPS": 1242,
        "PE": 5.7,
        "Book Price": 13.2
      }
    },
    {
      "quarter": "Q4 2009",
      "income status": {
        "Net sales": 13937,
        "Cost of goods sold": 9288,
        "Gross Profit": 4649,
        "Financial expenses": 265,
        "Of which: Interest expense": "N/A",
        "Cost of sales": 2474,
        "Enterprise cost management": 1084,
        "Total Operating Expenses": 3823,
        "Total revenue financing activities": 137,
        "Net profit from business activities": 962,
        "Profit": -73,
        "Profit before tax": 889,
        "Present corporate income tax expenses": 184,
        "Deferred income taxes expenses": "N/A",
        "The interests of minority shareholders": "N/A",
        "Total Cost of profits": 184,
        "Profit after tax corporate income": 705,
        "Volume": 3000000,
        "Close of Quarter": 7.6,
        "EPS": 1287,
        "Non-adjusted EPS": 1287,
        "PE": 5.9,
        "Book Price": 13.1
      }
    },
    {
      "quarter": "Q3 2009",
      "income status": {
        "Net sales": 22555,
        "Cost of goods sold": 17419,
        "Gross Profit": 5135,
        "Financial expenses": 78,
        "Of which: Interest expense": "N/A",
        "Cost of sales": 2721,
        "Enterprise cost management": 1043,
        "Total Operating Expenses": 3842,
        "Total revenue financing activities": 30,
        "Net profit from business activities": 1324,
        "Profit": 349,
        "Profit before tax": 1673,
        "Present corporate income tax expenses": 298,
        "Deferred income taxes expenses": "N/A",
        "The interests of minority shareholders": "N/A",
        "Total Cost of profits": 298,
        "Profit after tax corporate income": 1375,
        "Volume": 3000000,
        "Close of Quarter": "N/A",
        "EPS": 1264,
        "Non-adjusted EPS": 1264,
        "PE": "N/A",
        "Book Price": 12.9
      }
    },
    {
      "quarter": "Q2 2009",
      "income status": {
        "Net sales": 25365,
        "Cost of goods sold": 20213,
        "Gross Profit": 5151,
        "Financial expenses": 81,
        "Of which: Interest expense": 81,
        "Cost of sales": 2848,
        "Enterprise cost management": 996,
        "Total Operating Expenses": 3925,
        "Total revenue financing activities": 157,
        "Net profit from business activities": 1384,
        "Profit": -3,
        "Profit before tax": 1381,
        "Present corporate income tax expenses": 243,
        "Deferred income taxes expenses": "N/A",
        "The interests of minority shareholders": "N/A",
        "Total Cost of profits": 243,
        "Profit after tax corporate income": 1137,
        "Volume": 3000000,
        "Close of Quarter": "N/A",
        "EPS": 1114,
        "Non-adjusted EPS": 1114,
        "PE": "N/A",
        "Book Price": 12.7
      }
    },
    {
      "quarter": "Q1 2009",
      "income status": {
        "Net sales": 10236,
        "Cost of goods sold": 6853,
        "Gross Profit": 3383,
        "Financial expenses": 199,
        "Of which: Interest expense": 198,
        "Cost of sales": 1917,
        "Enterprise cost management": 672,
        "Total Operating Expenses": 2788,
        "Total revenue financing activities": 66,
        "Net profit from business activities": 662,
        "Profit": 128,
        "Profit before tax": 790,
        "Present corporate income tax expenses": 147,
        "Deferred income taxes expenses": "N/A",
        "The interests of minority shareholders": "N/A",
        "Total Cost of profits": 147,
        "Profit after tax corporate income": 644,
        "Volume": 3000000,
        "Close of Quarter": "N/A",
        "EPS": 957,
        "Non-adjusted EPS": 957,
        "PE": "N/A",
        "Book Price": "N/A"
      }
    },
    {
      "quarter": "Q4 2008",
      "income status": {
        "Net sales": 15605,
        "Cost of goods sold": 12303,
        "Gross Profit": 3302,
        "Financial expenses": 327,
        "Of which: Interest expense": 327,
        "Cost of sales": 2603,
        "Enterprise cost management": 894,
        "Total Operating Expenses": 3824,
        "Total revenue financing activities": 64,
        "Net profit from business activities": -458,
        "Profit": 1249,
        "Profit before tax": 790,
        "Present corporate income tax expenses": 155,
        "Deferred income taxes expenses": "N/A",
        "The interests of minority shareholders": "N/A",
        "Total Cost of profits": 155,
        "Profit after tax corporate income": 635,
        "Volume": 3000000,
        "Close of Quarter": "N/A",
        "EPS": 743,
        "Non-adjusted EPS": 743,
        "PE": "N/A",
        "Book Price": 9.1
      }
    },
    {
      "quarter": "Q2 2008",
      "income status": {
        "Net sales": 24766,
        "Cost of goods sold": 20928,
        "Gross Profit": 3838,
        "Financial expenses": 94,
        "Of which: Interest expense": "N/A",
        "Cost of sales": 1651,
        "Enterprise cost management": 873,
        "Total Operating Expenses": 2618,
        "Total revenue financing activities": 11,
        "Net profit from business activities": 1231,
        "Profit": 59,
        "Profit before tax": 1290,
        "Present corporate income tax expenses": 363,
        "Deferred income taxes expenses": "N/A",
        "The interests of minority shareholders": "N/A",
        "Total Cost of profits": 363,
        "Profit after tax corporate income": 926,
        "Volume": 3000000,
        "Close of Quarter": "N/A",
        "EPS": 531,
        "Non-adjusted EPS": 531,
        "PE": "N/A",
        "Book Price": "N/A"
      }
    },
    {
      "quarter": "Q4 2007",
      "income status": {
        "Net sales": 17366,
        "Cost of goods sold": 14115,
        "Gross Profit": 3251,
        "Financial expenses": "N/A",
        "Of which: Interest expense": "N/A",
        "Cost of sales": 1870,
        "Enterprise cost management": 529,
        "Total Operating Expenses": 2399,
        "Total revenue financing activities": 41,
        "Net profit from business activities": 892,
        "Profit": -72,
        "Profit before tax": 820,
        "Present corporate income tax expenses": 153,
        "Deferred income taxes expenses": "N/A",
        "The interests of minority shareholders": "N/A",
        "Total Cost of profits": 153,
        "Profit after tax corporate income": 667,
        "Volume": 3000000,
        "Close of Quarter": "N/A",
        "EPS": 222,
        "Non-adjusted EPS": 222,
        "PE": "N/A",
        "Book Price": "N/A"
      }
    }
  ]
}