{
  "ticker": "PTD",
  "data": [
    {
      "quarter": "Q1 2017",
      "income status": {
        "Net sales": 83372,
        "Cost of goods sold": 75327,
        "Gross Profit": 8045,
        "Financial expenses": 440,
        "Of which: Interest expense": 439,
        "Cost of sales": 75,
        "Enterprise cost management": 5420,
        "Total Operating Expenses": 5935,
        "Total revenue financing activities": 297,
        "Net profit from business activities": 2407,
        "Profit": -16,
        "Profit before tax": 2390,
        "Present corporate income tax expenses": 489,
        "Deferred income taxes expenses": -4,
        "The interests of minority shareholders": 14,
        "Total Cost of profits": 499,
        "Profit after tax corporate income": 1891,
        "Volume": 3200000,
        "Close of Quarter": 16.9,
        "EPS": 3488,
        "Non-adjusted EPS": 3488,
        "PE": 4.8,
        "Book Price": 23.3
      }
    },
    {
      "quarter": "Q4 2016",
      "income status": {
        "Net sales": 171462,
        "Cost of goods sold": 154838,
        "Gross Profit": 16624,
        "Financial expenses": 162,
        "Of which: Interest expense": 162,
        "Cost of sales": "N/A",
        "Enterprise cost management": 12762,
        "Total Operating Expenses": 12924,
        "Total revenue financing activities": 116,
        "Net profit from business activities": 3817,
        "Profit": 161,
        "Profit before tax": 3977,
        "Present corporate income tax expenses": 819,
        "Deferred income taxes expenses": 15,
        "The interests of minority shareholders": 33,
        "Total Cost of profits": 867,
        "Profit after tax corporate income": 3110,
        "Volume": 3200000,
        "Close of Quarter": 21.8,
        "EPS": 3709,
        "Non-adjusted EPS": 3709,
        "PE": 5.9,
        "Book Price": 22.8
      }
    },
    {
      "quarter": "Q3 2016",
      "income status": {
        "Net sales": 172984,
        "Cost of goods sold": 160945,
        "Gross Profit": 12039,
        "Financial expenses": 217,
        "Of which: Interest expense": 216,
        "Cost of sales": "N/A",
        "Enterprise cost management": 9082,
        "Total Operating Expenses": 9299,
        "Total revenue financing activities": 115,
        "Net profit from business activities": 2855,
        "Profit": 135,
        "Profit before tax": 2990,
        "Present corporate income tax expenses": 608,
        "Deferred income taxes expenses": "N/A",
        "The interests of minority shareholders": 36,
        "Total Cost of profits": 644,
        "Profit after tax corporate income": 2346,
        "Volume": 3200000,
        "Close of Quarter": 21.0,
        "EPS": 3962,
        "Non-adjusted EPS": 3962,
        "PE": 5.3,
        "Book Price": 21.7
      }
    },
    {
      "quarter": "Q2 2016",
      "income status": {
        "Net sales": 99405,
        "Cost of goods sold": 88101,
        "Gross Profit": 11304,
        "Financial expenses": 503,
        "Of which: Interest expense": 432,
        "Cost of sales": 298,
        "Enterprise cost management": 5954,
        "Total Operating Expenses": 6755,
        "Total revenue financing activities": 56,
        "Net profit from business activities": 4605,
        "Profit": 216,
        "Profit before tax": 4821,
        "Present corporate income tax expenses": 1003,
        "Deferred income taxes expenses": -11,
        "The interests of minority shareholders": 16,
        "Total Cost of profits": 1008,
        "Profit after tax corporate income": 3813,
        "Volume": 3200000,
        "Close of Quarter": 17.3,
        "EPS": 4374,
        "Non-adjusted EPS": 4374,
        "PE": 4.0,
        "Book Price": 21.1
      }
    },
    {
      "quarter": "Q1 2016",
      "income status": {
        "Net sales": 78412,
        "Cost of goods sold": 69911,
        "Gross Profit": 8500,
        "Financial expenses": 354,
        "Of which: Interest expense": 347,
        "Cost of sales": 426,
        "Enterprise cost management": 4849,
        "Total Operating Expenses": 5629,
        "Total revenue financing activities": 98,
        "Net profit from business activities": 2970,
        "Profit": 303,
        "Profit before tax": 3273,
        "Present corporate income tax expenses": 690,
        "Deferred income taxes expenses": -40,
        "The interests of minority shareholders": 24,
        "Total Cost of profits": 674,
        "Profit after tax corporate income": 2599,
        "Volume": 3200000,
        "Close of Quarter": 18.1,
        "EPS": 4352,
        "Non-adjusted EPS": 4352,
        "PE": 4.2,
        "Book Price": 22.4
      }
    },
    {
      "quarter": "Q4 2015",
      "income status": {
        "Net sales": 190315,
        "Cost of goods sold": 172569,
        "Gross Profit": 17745,
        "Financial expenses": 489,
        "Of which: Interest expense": 466,
        "Cost of sales": 333,
        "Enterprise cost management": 12131,
        "Total Operating Expenses": 12953,
        "Total revenue financing activities": 273,
        "Net profit from business activities": 5066,
        "Profit": 84,
        "Profit before tax": 5150,
        "Present corporate income tax expenses": 1176,
        "Deferred income taxes expenses": 40,
        "The interests of minority shareholders": 14,
        "Total Cost of profits": 1230,
        "Profit after tax corporate income": 3920,
        "Volume": 3200000,
        "Close of Quarter": 14.9,
        "EPS": 4218,
        "Non-adjusted EPS": 4218,
        "PE": 3.5,
        "Book Price": 21.6
      }
    },
    {
      "quarter": "Q3 2015",
      "income status": {
        "Net sales": 136907,
        "Cost of goods sold": 126743,
        "Gross Profit": 10163,
        "Financial expenses": 386,
        "Of which: Interest expense": 290,
        "Cost of sales": "N/A",
        "Enterprise cost management": 5234,
        "Total Operating Expenses": 5620,
        "Total revenue financing activities": 176,
        "Net profit from business activities": 4719,
        "Profit": -16,
        "Profit before tax": 4702,
        "Present corporate income tax expenses": 1059,
        "Deferred income taxes expenses": -33,
        "The interests of minority shareholders": 12,
        "Total Cost of profits": 1038,
        "Profit after tax corporate income": 3665,
        "Volume": 3200000,
        "Close of Quarter": 12.3,
        "EPS": 2993,
        "Non-adjusted EPS": 2993,
        "PE": 4.1,
        "Book Price": 20.4
      }
    },
    {
      "quarter": "Q2 2015",
      "income status": {
        "Net sales": 128391,
        "Cost of goods sold": 115043,
        "Gross Profit": 13347,
        "Financial expenses": 102,
        "Of which: Interest expense": 2,
        "Cost of sales": "N/A",
        "Enterprise cost management": 9035,
        "Total Operating Expenses": 9137,
        "Total revenue financing activities": 424,
        "Net profit from business activities": 4635,
        "Profit": 89,
        "Profit before tax": 4724,
        "Present corporate income tax expenses": 955,
        "Deferred income taxes expenses": 104,
        "The interests of minority shareholders": -78,
        "Total Cost of profits": 981,
        "Profit after tax corporate income": 3743,
        "Volume": 3200000,
        "Close of Quarter": 13.9,
        "EPS": 1847,
        "Non-adjusted EPS": 1847,
        "PE": 7.5,
        "Book Price": 19.1
      }
    },
    {
      "quarter": "Q1 2015",
      "income status": {
        "Net sales": 45543,
        "Cost of goods sold": 38598,
        "Gross Profit": 6945,
        "Financial expenses": 11,
        "Of which: Interest expense": "N/A",
        "Cost of sales": "N/A",
        "Enterprise cost management": 3575,
        "Total Operating Expenses": 3586,
        "Total revenue financing activities": 155,
        "Net profit from business activities": 3514,
        "Profit": -396,
        "Profit before tax": 3117,
        "Present corporate income tax expenses": 773,
        "Deferred income taxes expenses": "N/A",
        "The interests of minority shareholders": 176,
        "Total Cost of profits": 949,
        "Profit after tax corporate income": 2168,
        "Volume": 3200000,
        "Close of Quarter": 15.4,
        "EPS": 678,
        "Non-adjusted EPS": 678,
        "PE": 22.7,
        "Book Price": "N/A"
      }
    }
  ]
}