{
  "ticker": "BMP",
  "data": [
    {
      "quarter": "Q1 2017",
      "income status": {
        "Net sales": 758473,
        "Cost of goods sold": 585930,
        "Gross Profit": 172543,
        "Financial expenses": 11054,
        "Of which: Interest expense": 952,
        "Cost of sales": 21498,
        "Enterprise cost management": 19492,
        "Total Operating Expenses": 52044,
        "Total revenue financing activities": 2103,
        "Net profit from business activities": 122574,
        "Profit": 5,
        "Profit before tax": 122579,
        "Present corporate income tax expenses": 22626,
        "Deferred income taxes expenses": -186,
        "The interests of minority shareholders": "N/A",
        "Total Cost of profits": 22440,
        "Profit after tax corporate income": 100139,
        "Volume": 45478480,
        "Close of Quarter": 113.0,
        "EPS": 11532,
        "Non-adjusted EPS": 11532,
        "PE": 9.8,
        "Book Price": 52.7
      }
    },
    {
      "quarter": "Q4 2016",
      "income status": {
        "Net sales": 830103,
        "Cost of goods sold": 631589,
        "Gross Profit": 198514,
        "Financial expenses": 11220,
        "Of which: Interest expense": 881,
        "Cost of sales": 65966,
        "Enterprise cost management": 32518,
        "Total Operating Expenses": 109704,
        "Total revenue financing activities": 18771,
        "Net profit from business activities": 107792,
        "Profit": 61,
        "Profit before tax": 107852,
        "Present corporate income tax expenses": 25161,
        "Deferred income taxes expenses": -297,
        "The interests of minority shareholders": "N/A",
        "Total Cost of profits": 24864,
        "Profit after tax corporate income": 82988,
        "Volume": 45478480,
        "Close of Quarter": 105.0,
        "EPS": 13691,
        "Non-adjusted EPS": 13691,
        "PE": 7.7,
        "Book Price": 52.4
      }
    },
    {
      "quarter": "Q3 2016",
      "income status": {
        "Net sales": 879538,
        "Cost of goods sold": 567673,
        "Gross Profit": 311865,
        "Financial expenses": 8965,
        "Of which: Interest expense": 848,
        "Cost of sales": 36672,
        "Enterprise cost management": 24209,
        "Total Operating Expenses": 69846,
        "Total revenue financing activities": 4405,
        "Net profit from business activities": 247058,
        "Profit": -8384,
        "Profit before tax": 238675,
        "Present corporate income tax expenses": 44017,
        "Deferred income taxes expenses": 414,
        "The interests of minority shareholders": "N/A",
        "Total Cost of profits": 44431,
        "Profit after tax corporate income": 194244,
        "Volume": 45478480,
        "Close of Quarter": 105.4,
        "EPS": 14310,
        "Non-adjusted EPS": 14310,
        "PE": 7.4,
        "Book Price": 50.6
      }
    },
    {
      "quarter": "Q2 2016",
      "income status": {
        "Net sales": 894693,
        "Cost of goods sold": 618181,
        "Gross Profit": 276512,
        "Financial expenses": 9839,
        "Of which: Interest expense": -1968,
        "Cost of sales": 34365,
        "Enterprise cost management": 38909,
        "Total Operating Expenses": 83113,
        "Total revenue financing activities": 14524,
        "Net profit from business activities": 207464,
        "Profit": 126,
        "Profit before tax": 207590,
        "Present corporate income tax expenses": 14518,
        "Deferred income taxes expenses": 45979,
        "The interests of minority shareholders": "N/A",
        "Total Cost of profits": 60497,
        "Profit after tax corporate income": 147093,
        "Volume": 45478480,
        "Close of Quarter": 79.4,
        "EPS": 12562,
        "Non-adjusted EPS": 12562,
        "PE": 6.3,
        "Book Price": 46.3
      }
    },
    {
      "quarter": "Q1 2016",
      "income status": {
        "Net sales": 704408,
        "Cost of goods sold": 432920,
        "Gross Profit": 271488,
        "Financial expenses": 11505,
        "Of which: Interest expense": 3637,
        "Cost of sales": 29919,
        "Enterprise cost management": 19645,
        "Total Operating Expenses": 61069,
        "Total revenue financing activities": 6332,
        "Net profit from business activities": 216859,
        "Profit": 36,
        "Profit before tax": 216896,
        "Present corporate income tax expenses": 42075,
        "Deferred income taxes expenses": -23491,
        "The interests of minority shareholders": "N/A",
        "Total Cost of profits": 18584,
        "Profit after tax corporate income": 198312,
        "Volume": 45478480,
        "Close of Quarter": 76.4,
        "EPS": 12980,
        "Non-adjusted EPS": 12980,
        "PE": 5.9,
        "Book Price": 48.2
      }
    },
    {
      "quarter": "Q4 2015",
      "income status": {
        "Net sales": 782636,
        "Cost of goods sold": 535840,
        "Gross Profit": 246797,
        "Financial expenses": 7986,
        "Of which: Interest expense": 1031,
        "Cost of sales": 38862,
        "Enterprise cost management": 30152,
        "Total Operating Expenses": 77000,
        "Total revenue financing activities": 10285,
        "Net profit from business activities": 180385,
        "Profit": -6992,
        "Profit before tax": 173394,
        "Present corporate income tax expenses": 62310,
        "Deferred income taxes expenses": -56,
        "The interests of minority shareholders": "N/A",
        "Total Cost of profits": 62254,
        "Profit after tax corporate income": 111140,
        "Volume": 45478480,
        "Close of Quarter": 69.0,
        "EPS": 10997,
        "Non-adjusted EPS": 10997,
        "PE": 6.3,
        "Book Price": 45.4
      }
    },
    {
      "quarter": "Q3 2015",
      "income status": {
        "Net sales": 764631,
        "Cost of goods sold": 558635,
        "Gross Profit": 205995,
        "Financial expenses": 9335,
        "Of which: Interest expense": 1035,
        "Cost of sales": 31728,
        "Enterprise cost management": 23622,
        "Total Operating Expenses": 64685,
        "Total revenue financing activities": 2030,
        "Net profit from business activities": 143353,
        "Profit": 627,
        "Profit before tax": 143981,
        "Present corporate income tax expenses": 29697,
        "Deferred income taxes expenses": -488,
        "The interests of minority shareholders": "N/A",
        "Total Cost of profits": 29209,
        "Profit after tax corporate income": 114771,
        "Volume": 45478480,
        "Close of Quarter": 57.8,
        "EPS": 10896,
        "Non-adjusted EPS": 10896,
        "PE": 5.3,
        "Book Price": 43
      }
    },
    {
      "quarter": "Q2 2015",
      "income status": {
        "Net sales": 722917,
        "Cost of goods sold": 463280,
        "Gross Profit": 259637,
        "Financial expenses": 8149,
        "Of which: Interest expense": 1026,
        "Cost of sales": 28051,
        "Enterprise cost management": 26564,
        "Total Operating Expenses": 62764,
        "Total revenue financing activities": 13252,
        "Net profit from business activities": 210006,
        "Profit": 475,
        "Profit before tax": 210481,
        "Present corporate income tax expenses": 44525,
        "Deferred income taxes expenses": -149,
        "The interests of minority shareholders": "N/A",
        "Total Cost of profits": 44376,
        "Profit after tax corporate income": 166104,
        "Volume": 45478480,
        "Close of Quarter": 40.6,
        "EPS": 10129,
        "Non-adjusted EPS": 10129,
        "PE": 4.0,
        "Book Price": 40.5
      }
    },
    {
      "quarter": "Q1 2015",
      "income status": {
        "Net sales": 581482,
        "Cost of goods sold": 404268,
        "Gross Profit": 177215,
        "Financial expenses": 4133,
        "Of which: Interest expense": 1004,
        "Cost of sales": 26436,
        "Enterprise cost management": 12532,
        "Total Operating Expenses": 43101,
        "Total revenue financing activities": 2829,
        "Net profit from business activities": 136954,
        "Profit": 528,
        "Profit before tax": 137482,
        "Present corporate income tax expenses": 29070,
        "Deferred income taxes expenses": 279,
        "The interests of minority shareholders": "N/A",
        "Total Cost of profits": 29349,
        "Profit after tax corporate income": 108133,
        "Volume": 45478480,
        "Close of Quarter": 39.5,
        "EPS": 8834,
        "Non-adjusted EPS": 8834,
        "PE": 4.5,
        "Book Price": 40.2
      }
    },
    {
      "quarter": "Q4 2014",
      "income status": {
        "Net sales": 654583,
        "Cost of goods sold": 471639,
        "Gross Profit": 182944,
        "Financial expenses": 7327,
        "Of which: Interest expense": 3741,
        "Cost of sales": 32215,
        "Enterprise cost management": 19623,
        "Total Operating Expenses": 59165,
        "Total revenue financing activities": 11771,
        "Net profit from business activities": 135648,
        "Profit": 386,
        "Profit before tax": 136035,
        "Present corporate income tax expenses": 29570,
        "Deferred income taxes expenses": -60,
        "The interests of minority shareholders": "N/A",
        "Total Cost of profits": 29510,
        "Profit after tax corporate income": 106525,
        "Volume": 45478480,
        "Close of Quarter": 36.7,
        "EPS": 8292,
        "Non-adjusted EPS": 8292,
        "PE": 4.4,
        "Book Price": 37.8
      }
    },
    {
      "quarter": "Q3 2014",
      "income status": {
        "Net sales": 641155,
        "Cost of goods sold": 473215,
        "Gross Profit": 167940,
        "Financial expenses": 4194,
        "Of which: Interest expense": 64,
        "Cost of sales": 47746,
        "Enterprise cost management": 19802,
        "Total Operating Expenses": 71742,
        "Total revenue financing activities": 4418,
        "Net profit from business activities": 100619,
        "Profit": 359,
        "Profit before tax": 100978,
        "Present corporate income tax expenses": 21345,
        "Deferred income taxes expenses": -245,
        "The interests of minority shareholders": "N/A",
        "Total Cost of profits": 21100,
        "Profit after tax corporate income": 79879,
        "Volume": 45478480,
        "Close of Quarter": 34.0,
        "EPS": 7882,
        "Non-adjusted EPS": 7882,
        "PE": 4.3,
        "Book Price": 36.2
      }
    },
    {
      "quarter": "Q2 2014",
      "income status": {
        "Net sales": 618522,
        "Cost of goods sold": 442326,
        "Gross Profit": 176197,
        "Financial expenses": 5432,
        "Of which: Interest expense": 48,
        "Cost of sales": 20182,
        "Enterprise cost management": 20740,
        "Total Operating Expenses": 46354,
        "Total revenue financing activities": 6637,
        "Net profit from business activities": 136690,
        "Profit": 308,
        "Profit before tax": 136998,
        "Present corporate income tax expenses": 29551,
        "Deferred income taxes expenses": 232,
        "The interests of minority shareholders": "N/A",
        "Total Cost of profits": 29783,
        "Profit after tax corporate income": 107215,
        "Volume": 45478480,
        "Close of Quarter": 34.7,
        "EPS": 8040,
        "Non-adjusted EPS": 8040,
        "PE": 4.3,
        "Book Price": 34.4
      }
    },
    {
      "quarter": "Q1 2014",
      "income status": {
        "Net sales": 501292,
        "Cost of goods sold": 359293,
        "Gross Profit": 141998,
        "Financial expenses": 3363,
        "Of which: Interest expense": 8,
        "Cost of sales": 23497,
        "Enterprise cost management": 12715,
        "Total Operating Expenses": 39575,
        "Total revenue financing activities": 4723,
        "Net profit from business activities": 107242,
        "Profit": 197,
        "Profit before tax": 107438,
        "Present corporate income tax expenses": 23773,
        "Deferred income taxes expenses": 170,
        "The interests of minority shareholders": "N/A",
        "Total Cost of profits": 23943,
        "Profit after tax corporate income": 83496,
        "Volume": 45478480,
        "Close of Quarter": 38.0,
        "EPS": 8235,
        "Non-adjusted EPS": 8235,
        "PE": 4.6,
        "Book Price": 34.4
      }
    },
    {
      "quarter": "Q4 2013",
      "income status": {
        "Net sales": 535990,
        "Cost of goods sold": 373816,
        "Gross Profit": 162175,
        "Financial expenses": 4255,
        "Of which: Interest expense": 672,
        "Cost of sales": 14123,
        "Enterprise cost management": 28515,
        "Total Operating Expenses": 46893,
        "Total revenue financing activities": 4907,
        "Net profit from business activities": 120190,
        "Profit": 344,
        "Profit before tax": 120445,
        "Present corporate income tax expenses": 32774,
        "Deferred income taxes expenses": -210,
        "The interests of minority shareholders": "N/A",
        "Total Cost of profits": 32564,
        "Profit after tax corporate income": 87882,
        "Volume": 45478480,
        "Close of Quarter": 33.7,
        "EPS": 8153,
        "Non-adjusted EPS": 8153,
        "PE": 4.1,
        "Book Price": 32.7
      }
    },
    {
      "quarter": "Q3 2013",
      "income status": {
        "Net sales": 523368,
        "Cost of goods sold": 371076,
        "Gross Profit": 152292,
        "Financial expenses": 8678,
        "Of which: Interest expense": 6,
        "Cost of sales": 17726,
        "Enterprise cost management": 15692,
        "Total Operating Expenses": 42096,
        "Total revenue financing activities": 5885,
        "Net profit from business activities": 116080,
        "Profit": 483,
        "Profit before tax": 116578,
        "Present corporate income tax expenses": 29382,
        "Deferred income taxes expenses": 137,
        "The interests of minority shareholders": "N/A",
        "Total Cost of profits": 29519,
        "Profit after tax corporate income": 87060,
        "Volume": 45478480,
        "Close of Quarter": 36.5,
        "EPS": 8374,
        "Non-adjusted EPS": 8374,
        "PE": 4.4,
        "Book Price": 32.1
      }
    },
    {
      "quarter": "Q2 2013",
      "income status": {
        "Net sales": 594187,
        "Cost of goods sold": 416800,
        "Gross Profit": 177387,
        "Financial expenses": 865,
        "Of which: Interest expense": -1746,
        "Cost of sales": 16556,
        "Enterprise cost management": 14939,
        "Total Operating Expenses": 32360,
        "Total revenue financing activities": 7925,
        "Net profit from business activities": 152952,
        "Profit": 138,
        "Profit before tax": 152483,
        "Present corporate income tax expenses": -26647,
        "Deferred income taxes expenses": 63071,
        "The interests of minority shareholders": "N/A",
        "Total Cost of profits": 36424,
        "Profit after tax corporate income": 116058,
        "Volume": 34983552,
        "Close of Quarter": 30.1,
        "EPS": 8438.5,
        "Non-adjusted EPS": 10970,
        "PE": 2.7,
        "Book Price": 30.3
      }
    },
    {
      "quarter": "Q1 2013",
      "income status": {
        "Net sales": 434600,
        "Cost of goods sold": 304423,
        "Gross Profit": 130177,
        "Financial expenses": 3706,
        "Of which: Interest expense": 1974,
        "Cost of sales": 20227,
        "Enterprise cost management": 12086,
        "Total Operating Expenses": 36019,
        "Total revenue financing activities": 11804,
        "Net profit from business activities": 105961,
        "Profit": 281,
        "Profit before tax": 106447,
        "Present corporate income tax expenses": 26583,
        "Deferred income taxes expenses": 62,
        "The interests of minority shareholders": "N/A",
        "Total Cost of profits": 26645,
        "Profit after tax corporate income": 79802,
        "Volume": 34983552,
        "Close of Quarter": 23.1,
        "EPS": 7843.9,
        "Non-adjusted EPS": 10197,
        "PE": 2.3,
        "Book Price": 29.7
      }
    },
    {
      "quarter": "Q4 2012",
      "income status": {
        "Net sales": 515132,
        "Cost of goods sold": 366465,
        "Gross Profit": 148666,
        "Financial expenses": 1140,
        "Of which: Interest expense": 103,
        "Cost of sales": 14687,
        "Enterprise cost management": 11309,
        "Total Operating Expenses": 27136,
        "Total revenue financing activities": 5634,
        "Net profit from business activities": 127164,
        "Profit": 848,
        "Profit before tax": 131431,
        "Present corporate income tax expenses": 33734,
        "Deferred income taxes expenses": -234,
        "The interests of minority shareholders": "N/A",
        "Total Cost of profits": 33500,
        "Profit after tax corporate income": 97930,
        "Volume": 34983552,
        "Close of Quarter": 15.8,
        "EPS": 7870.0,
        "Non-adjusted EPS": 10231,
        "PE": 1.6,
        "Book Price": 27.9
      }
    },
    {
      "quarter": "Q3 2012",
      "income status": {
        "Net sales": 469109,
        "Cost of goods sold": 320626,
        "Gross Profit": 148483,
        "Financial expenses": 3109,
        "Of which: Interest expense": 174,
        "Cost of sales": 15341,
        "Enterprise cost management": 15341,
        "Total Operating Expenses": 33791,
        "Total revenue financing activities": 5286,
        "Net profit from business activities": 119977,
        "Profit": 225,
        "Profit before tax": 120203,
        "Present corporate income tax expenses": 30125,
        "Deferred income taxes expenses": 99,
        "The interests of minority shareholders": "N/A",
        "Total Cost of profits": 30224,
        "Profit after tax corporate income": 89978,
        "Volume": 34983552,
        "Close of Quarter": 13.3,
        "EPS": 7590.0,
        "Non-adjusted EPS": 9867,
        "PE": 1.4,
        "Book Price": 26.1
      }
    },
    {
      "quarter": "Q2 2012",
      "income status": {
        "Net sales": 501124,
        "Cost of goods sold": 341557,
        "Gross Profit": 159567,
        "Financial expenses": 3150,
        "Of which: Interest expense": 485,
        "Cost of sales": 19129,
        "Enterprise cost management": 18859,
        "Total Operating Expenses": 41138,
        "Total revenue financing activities": 3266,
        "Net profit from business activities": 121695,
        "Profit": 683,
        "Profit before tax": 122378,
        "Present corporate income tax expenses": -25727,
        "Deferred income taxes expenses": 59089,
        "The interests of minority shareholders": "N/A",
        "Total Cost of profits": 33362,
        "Profit after tax corporate income": 89016,
        "Volume": 34983552,
        "Close of Quarter": 13.7,
        "EPS": 7177.7,
        "Non-adjusted EPS": 9331,
        "PE": 1.5,
        "Book Price": 26.5
      }
    },
    {
      "quarter": "Q1 2012",
      "income status": {
        "Net sales": 404892,
        "Cost of goods sold": 272422,
        "Gross Profit": 132469,
        "Financial expenses": -562,
        "Of which: Interest expense": 8,
        "Cost of sales": 14938,
        "Enterprise cost management": 13177,
        "Total Operating Expenses": 27553,
        "Total revenue financing activities": 1416,
        "Net profit from business activities": 106332,
        "Profit": 248,
        "Profit before tax": 106580,
        "Present corporate income tax expenses": 25676,
        "Deferred income taxes expenses": -97,
        "The interests of minority shareholders": "N/A",
        "Total Cost of profits": 25579,
        "Profit after tax corporate income": 81000,
        "Volume": 34983552,
        "Close of Quarter": 14.3,
        "EPS": 6940.0,
        "Non-adjusted EPS": 9022,
        "PE": 1.6,
        "Book Price": 24.7
      }
    },
    {
      "quarter": "Q4 2011",
      "income status": {
        "Net sales": 481880,
        "Cost of goods sold": 347961,
        "Gross Profit": 133919,
        "Financial expenses": 3383,
        "Of which: Interest expense": 199,
        "Cost of sales": 12815,
        "Enterprise cost management": 9102,
        "Total Operating Expenses": 25300,
        "Total revenue financing activities": 2756,
        "Net profit from business activities": 111376,
        "Profit": 711,
        "Profit before tax": 112087,
        "Present corporate income tax expenses": 27000,
        "Deferred income taxes expenses": -106,
        "The interests of minority shareholders": "N/A",
        "Total Cost of profits": 26894,
        "Profit after tax corporate income": 85192,
        "Volume": 34983552,
        "Close of Quarter": 11.6,
        "EPS": 6433.9,
        "Non-adjusted EPS": 8364,
        "PE": 1.4,
        "Book Price": 23.1
      }
    },
    {
      "quarter": "Q3 2011",
      "income status": {
        "Net sales": 491409,
        "Cost of goods sold": 374653,
        "Gross Profit": 116756,
        "Financial expenses": 2370,
        "Of which: Interest expense": 150,
        "Cost of sales": 13906,
        "Enterprise cost management": 9920,
        "Total Operating Expenses": 26196,
        "Total revenue financing activities": 3109,
        "Net profit from business activities": 93669,
        "Profit": 321,
        "Profit before tax": 93989,
        "Present corporate income tax expenses": 22824,
        "Deferred income taxes expenses": -43,
        "The interests of minority shareholders": "N/A",
        "Total Cost of profits": 22781,
        "Profit after tax corporate income": 71208,
        "Volume": 34983552,
        "Close of Quarter": 10.9,
        "EPS": 6327.7,
        "Non-adjusted EPS": 8226,
        "PE": 1.3,
        "Book Price": 22.9
      }
    },
    {
      "quarter": "Q2 2011",
      "income status": {
        "Net sales": 480568,
        "Cost of goods sold": 361927,
        "Gross Profit": 118641,
        "Financial expenses": 1311,
        "Of which: Interest expense": -335,
        "Cost of sales": 10904,
        "Enterprise cost management": 10989,
        "Total Operating Expenses": 23204,
        "Total revenue financing activities": 5446,
        "Net profit from business activities": 100883,
        "Profit": 274,
        "Profit before tax": 101158,
        "Present corporate income tax expenses": -17023,
        "Deferred income taxes expenses": 39953,
        "The interests of minority shareholders": "N/A",
        "Total Cost of profits": 22930,
        "Profit after tax corporate income": 78228,
        "Volume": 34983552,
        "Close of Quarter": 11.3,
        "EPS": 6368.5,
        "Non-adjusted EPS": 8279,
        "PE": 1.4,
        "Book Price": 21.5
      }
    },
    {
      "quarter": "Q1 2011",
      "income status": {
        "Net sales": 372566,
        "Cost of goods sold": 272202,
        "Gross Profit": 100364,
        "Financial expenses": 1723,
        "Of which: Interest expense": 834,
        "Cost of sales": 14674,
        "Enterprise cost management": 11108,
        "Total Operating Expenses": 27505,
        "Total revenue financing activities": 1140,
        "Net profit from business activities": 74000,
        "Profit": 257,
        "Profit before tax": 74257,
        "Present corporate income tax expenses": 16645,
        "Deferred income taxes expenses": -358,
        "The interests of minority shareholders": "N/A",
        "Total Cost of profits": 16287,
        "Profit after tax corporate income": 57970,
        "Volume": 34983552,
        "Close of Quarter": 13.6,
        "EPS": 6287.7,
        "Non-adjusted EPS": 8174,
        "PE": 1.7,
        "Book Price": 19.9
      }
    },
    {
      "quarter": "Q4 2010",
      "income status": {
        "Net sales": 404497,
        "Cost of goods sold": 296930,
        "Gross Profit": 107567,
        "Financial expenses": 1992,
        "Of which: Interest expense": 67,
        "Cost of sales": 10085,
        "Enterprise cost management": 8301,
        "Total Operating Expenses": 20378,
        "Total revenue financing activities": 3656,
        "Net profit from business activities": 90845,
        "Profit": 225,
        "Profit before tax": 91070,
        "Present corporate income tax expenses": 10718,
        "Deferred income taxes expenses": -3,
        "The interests of minority shareholders": "N/A",
        "Total Cost of profits": 10715,
        "Profit after tax corporate income": 80356,
        "Volume": 34983552,
        "Close of Quarter": 14.9,
        "EPS": 6078.5,
        "Non-adjusted EPS": 7902,
        "PE": 1.9,
        "Book Price": 18.8
      }
    },
    {
      "quarter": "Q3 2010",
      "income status": {
        "Net sales": 365012,
        "Cost of goods sold": 266095,
        "Gross Profit": 98917,
        "Financial expenses": 1572,
        "Of which: Interest expense": 109,
        "Cost of sales": 9903,
        "Enterprise cost management": 7500,
        "Total Operating Expenses": 18975,
        "Total revenue financing activities": 2863,
        "Net profit from business activities": 82804,
        "Profit": 616,
        "Profit before tax": 83420,
        "Present corporate income tax expenses": 10380,
        "Deferred income taxes expenses": -35,
        "The interests of minority shareholders": "N/A",
        "Total Cost of profits": 10345,
        "Profit after tax corporate income": 73075,
        "Volume": 34983552,
        "Close of Quarter": 15.1,
        "EPS": 5320.0,
        "Non-adjusted EPS": 6916,
        "PE": 2.2,
        "Book Price": 18.7
      }
    },
    {
      "quarter": "Q2 2010",
      "income status": {
        "Net sales": 376283,
        "Cost of goods sold": 273207,
        "Gross Profit": 103076,
        "Financial expenses": 1472,
        "Of which: Interest expense": 256,
        "Cost of sales": 11366,
        "Enterprise cost management": 8368,
        "Total Operating Expenses": 21206,
        "Total revenue financing activities": 2318,
        "Net profit from business activities": 84189,
        "Profit": 425,
        "Profit before tax": 84614,
        "Present corporate income tax expenses": 10116,
        "Deferred income taxes expenses": -62,
        "The interests of minority shareholders": "N/A",
        "Total Cost of profits": 10054,
        "Profit after tax corporate income": 74559,
        "Volume": 34983552,
        "Close of Quarter": 15.7,
        "EPS": 5359.3,
        "Non-adjusted EPS": 6967,
        "PE": 2.3,
        "Book Price": 17.2
      }
    },
    {
      "quarter": "Q1 2010",
      "income status": {
        "Net sales": 271589,
        "Cost of goods sold": 199952,
        "Gross Profit": 71637,
        "Financial expenses": 1295,
        "Of which: Interest expense": 349,
        "Cost of sales": 7994,
        "Enterprise cost management": 8929,
        "Total Operating Expenses": 18218,
        "Total revenue financing activities": 1564,
        "Net profit from business activities": 54983,
        "Profit": 186,
        "Profit before tax": 55169,
        "Present corporate income tax expenses": 6664,
        "Deferred income taxes expenses": 56,
        "The interests of minority shareholders": "N/A",
        "Total Cost of profits": 6720,
        "Profit after tax corporate income": 48449,
        "Volume": 34983552,
        "Close of Quarter": 17.8,
        "EPS": 5673.1,
        "Non-adjusted EPS": 7375,
        "PE": 2.4,
        "Book Price": 15.8
      }
    },
    {
      "quarter": "Q4 2009",
      "income status": {
        "Net sales": 341125,
        "Cost of goods sold": 278033,
        "Gross Profit": 63092,
        "Financial expenses": 712,
        "Of which: Interest expense": 86,
        "Cost of sales": 6258,
        "Enterprise cost management": 8098,
        "Total Operating Expenses": 15068,
        "Total revenue financing activities": 1366,
        "Net profit from business activities": 49391,
        "Profit": 2377,
        "Profit before tax": 51767,
        "Present corporate income tax expenses": 5905,
        "Deferred income taxes expenses": -17,
        "The interests of minority shareholders": "N/A",
        "Total Cost of profits": 5888,
        "Profit after tax corporate income": 45880,
        "Volume": 17491776,
        "Close of Quarter": 19.7,
        "EPS": 5507.3,
        "Non-adjusted EPS": 14319,
        "PE": 1.4,
        "Book Price": 14.9
      }
    },
    {
      "quarter": "Q3 2009",
      "income status": {
        "Net sales": 309844,
        "Cost of goods sold": 214161,
        "Gross Profit": 95683,
        "Financial expenses": 1196,
        "Of which: Interest expense": 166,
        "Cost of sales": 6682,
        "Enterprise cost management": 5373,
        "Total Operating Expenses": 13251,
        "Total revenue financing activities": 1734,
        "Net profit from business activities": 84167,
        "Profit": 292,
        "Profit before tax": 84459,
        "Present corporate income tax expenses": 9821,
        "Deferred income taxes expenses": -197,
        "The interests of minority shareholders": "N/A",
        "Total Cost of profits": 9624,
        "Profit after tax corporate income": 74834,
        "Volume": 17491776,
        "Close of Quarter": 17.2,
        "EPS": 4796.9,
        "Non-adjusted EPS": 12472,
        "PE": 1.4,
        "Book Price": 14.0
      }
    },
    {
      "quarter": "Q2 2009",
      "income status": {
        "Net sales": 299818,
        "Cost of goods sold": 184822,
        "Gross Profit": 114996,
        "Financial expenses": 1097,
        "Of which: Interest expense": 327,
        "Cost of sales": 5704,
        "Enterprise cost management": 7413,
        "Total Operating Expenses": 14214,
        "Total revenue financing activities": 731,
        "Net profit from business activities": 101512,
        "Profit": 270,
        "Profit before tax": 101782,
        "Present corporate income tax expenses": 12921,
        "Deferred income taxes expenses": 25,
        "The interests of minority shareholders": "N/A",
        "Total Cost of profits": 12946,
        "Profit after tax corporate income": 88836,
        "Volume": 17491776,
        "Close of Quarter": 9.5,
        "EPS": 3845.8,
        "Non-adjusted EPS": 9999,
        "PE": 1.0,
        "Book Price": 13.1
      }
    },
    {
      "quarter": "Q1 2009",
      "income status": {
        "Net sales": 192047,
        "Cost of goods sold": 129330,
        "Gross Profit": 62716,
        "Financial expenses": 1715,
        "Of which: Interest expense": 1151,
        "Cost of sales": 6620,
        "Enterprise cost management": 7427,
        "Total Operating Expenses": 15762,
        "Total revenue financing activities": 342,
        "Net profit from business activities": 47297,
        "Profit": 78,
        "Profit before tax": 47374,
        "Present corporate income tax expenses": 6501,
        "Deferred income taxes expenses": -33,
        "The interests of minority shareholders": "N/A",
        "Total Cost of profits": 6468,
        "Profit after tax corporate income": 40906,
        "Volume": 17491776,
        "Close of Quarter": 4.0,
        "EPS": 2442.7,
        "Non-adjusted EPS": 6351,
        "PE": 0.6,
        "Book Price": 11.5
      }
    },
    {
      "quarter": "Q4 2008",
      "income status": {
        "Net sales": 177635,
        "Cost of goods sold": 142861,
        "Gross Profit": 34774,
        "Financial expenses": 7332,
        "Of which: Interest expense": 3950,
        "Cost of sales": 4336,
        "Enterprise cost management": 7278,
        "Total Operating Expenses": 18946,
        "Total revenue financing activities": 228,
        "Net profit from business activities": 16055,
        "Profit": 147,
        "Profit before tax": 16203,
        "Present corporate income tax expenses": 2118,
        "Deferred income taxes expenses": 506,
        "The interests of minority shareholders": "N/A",
        "Total Cost of profits": 2624,
        "Profit after tax corporate income": 13579,
        "Volume": 17491776,
        "Close of Quarter": 4.3,
        "EPS": 2131.2,
        "Non-adjusted EPS": 5541,
        "PE": 0.8,
        "Book Price": 10.8
      }
    },
    {
      "quarter": "Q3 2008",
      "income status": {
        "Net sales": 213575,
        "Cost of goods sold": 162199,
        "Gross Profit": 51377,
        "Financial expenses": 4553,
        "Of which: Interest expense": 3409,
        "Cost of sales": 4615,
        "Enterprise cost management": 5683,
        "Total Operating Expenses": 14851,
        "Total revenue financing activities": 502,
        "Net profit from business activities": 37028,
        "Profit": 746,
        "Profit before tax": 37774,
        "Present corporate income tax expenses": 6233,
        "Deferred income taxes expenses": -36,
        "The interests of minority shareholders": "N/A",
        "Total Cost of profits": 6197,
        "Profit after tax corporate income": 31576,
        "Volume": 16741516,
        "Close of Quarter": 6.7,
        "EPS": 2291.2,
        "Non-adjusted EPS": 6224,
        "PE": 1.1,
        "Book Price": 10.9
      }
    },
    {
      "quarter": "Q2 2008",
      "income status": {
        "Net sales": 228470,
        "Cost of goods sold": 174099,
        "Gross Profit": 54371,
        "Financial expenses": 10209,
        "Of which: Interest expense": 1778,
        "Cost of sales": 7050,
        "Enterprise cost management": 8705,
        "Total Operating Expenses": 25964,
        "Total revenue financing activities": 616,
        "Net profit from business activities": 29023,
        "Profit": 1204,
        "Profit before tax": 30227,
        "Present corporate income tax expenses": 5720,
        "Deferred income taxes expenses": -526,
        "The interests of minority shareholders": "N/A",
        "Total Cost of profits": 5194,
        "Profit after tax corporate income": 25033,
        "Volume": 13933400,
        "Close of Quarter": 5.4,
        "EPS": 2110.6,
        "Non-adjusted EPS": 6889,
        "PE": 0.8,
        "Book Price": 10.3
      }
    },
    {
      "quarter": "Q1 2008",
      "income status": {
        "Net sales": 201251,
        "Cost of goods sold": 154757,
        "Gross Profit": 46494,
        "Financial expenses": 652,
        "Of which: Interest expense": 640,
        "Cost of sales": 9351,
        "Enterprise cost management": 5829,
        "Total Operating Expenses": 15832,
        "Total revenue financing activities": 287,
        "Net profit from business activities": 30948,
        "Profit": 141,
        "Profit before tax": 31089,
        "Present corporate income tax expenses": 4353,
        "Deferred income taxes expenses": "N/A",
        "The interests of minority shareholders": "N/A",
        "Total Cost of profits": 4353,
        "Profit after tax corporate income": 26737,
        "Volume": 13933400,
        "Close of Quarter": 8.6,
        "EPS": 2184.4,
        "Non-adjusted EPS": 7130,
        "PE": 1.2,
        "Book Price": 9.7
      }
    },
    {
      "quarter": "Q4 2007",
      "income status": {
        "Net sales": 217887,
        "Cost of goods sold": 184081,
        "Gross Profit": 33806,
        "Financial expenses": 61,
        "Of which: Interest expense": 60,
        "Cost of sales": 6196,
        "Enterprise cost management": 4433,
        "Total Operating Expenses": 10690,
        "Total revenue financing activities": 989,
        "Net profit from business activities": 24105,
        "Profit": 144,
        "Profit before tax": 24249,
        "Present corporate income tax expenses": 3395,
        "Deferred income taxes expenses": "N/A",
        "The interests of minority shareholders": "N/A",
        "Total Cost of profits": 3395,
        "Profit after tax corporate income": 20854,
        "Volume": 13933400,
        "Close of Quarter": 19.0,
        "EPS": 2054.2,
        "Non-adjusted EPS": 6705,
        "PE": 2.8,
        "Book Price": 9.3
      }
    },
    {
      "quarter": "Q3 2007",
      "income status": {
        "Net sales": 178088,
        "Cost of goods sold": 140216,
        "Gross Profit": 37872,
        "Financial expenses": 35,
        "Of which: Interest expense": 14,
        "Cost of sales": 5056,
        "Enterprise cost management": 7016,
        "Total Operating Expenses": 12107,
        "Total revenue financing activities": 1225,
        "Net profit from business activities": 26990,
        "Profit": 184,
        "Profit before tax": 27174,
        "Present corporate income tax expenses": 3804,
        "Deferred income taxes expenses": "N/A",
        "The interests of minority shareholders": "N/A",
        "Total Cost of profits": 3804,
        "Profit after tax corporate income": 23369,
        "Volume": 13933400,
        "Close of Quarter": 21.2,
        "EPS": 2164.5,
        "Non-adjusted EPS": 7065,
        "PE": 3,
        "Book Price": 8.8
      }
    },
    {
      "quarter": "Q2 2007",
      "income status": {
        "Net sales": 166683,
        "Cost of goods sold": 126010,
        "Gross Profit": 40673,
        "Financial expenses": 116,
        "Of which: Interest expense": 110,
        "Cost of sales": 4878,
        "Enterprise cost management": 4443,
        "Total Operating Expenses": 9437,
        "Total revenue financing activities": 1590,
        "Net profit from business activities": 32826,
        "Profit": 182,
        "Profit before tax": 33008,
        "Present corporate income tax expenses": 4621,
        "Deferred income taxes expenses": "N/A",
        "The interests of minority shareholders": "N/A",
        "Total Cost of profits": 4621,
        "Profit after tax corporate income": 28387,
        "Volume": 13933400,
        "Close of Quarter": 22.3,
        "EPS": 2229.8,
        "Non-adjusted EPS": 7278,
        "PE": 3.1,
        "Book Price": 8.7
      }
    },
    {
      "quarter": "Q1 2007",
      "income status": {
        "Net sales": 117342,
        "Cost of goods sold": 87716,
        "Gross Profit": 29626,
        "Financial expenses": 122,
        "Of which: Interest expense": 115,
        "Cost of sales": 3514,
        "Enterprise cost management": 3635,
        "Total Operating Expenses": 7271,
        "Total revenue financing activities": 1684,
        "Net profit from business activities": 24039,
        "Profit": 166,
        "Profit before tax": 24205,
        "Present corporate income tax expenses": 3389,
        "Deferred income taxes expenses": "N/A",
        "The interests of minority shareholders": "N/A",
        "Total Cost of profits": 3389,
        "Profit after tax corporate income": 20816,
        "Volume": 13933400,
        "Close of Quarter": 25.2,
        "EPS": 2164.2,
        "Non-adjusted EPS": 7064,
        "PE": 3.6,
        "Book Price": 8.1
      }
    },
    {
      "quarter": "Q4 2006",
      "income status": {
        "Net sales": 127489,
        "Cost of goods sold": 96291,
        "Gross Profit": 31198,
        "Financial expenses": 119,
        "Of which: Interest expense": 113,
        "Cost of sales": 4094,
        "Enterprise cost management": 1983,
        "Total Operating Expenses": 6196,
        "Total revenue financing activities": 833,
        "Net profit from business activities": 25833,
        "Profit": 34,
        "Profit before tax": 25868,
        "Present corporate income tax expenses": "N/A",
        "Deferred income taxes expenses": "N/A",
        "The interests of minority shareholders": "N/A",
        "Total Cost of profits": 0,
        "Profit after tax corporate income": 25868,
        "Volume": 13933400,
        "Close of Quarter": 16.6,
        "EPS": 2028.5,
        "Non-adjusted EPS": 6621,
        "PE": 2.5,
        "Book Price": 8.6
      }
    },
    {
      "quarter": "Q3 2006",
      "income status": {
        "Net sales": 142290,
        "Cost of goods sold": 108714,
        "Gross Profit": 33576,
        "Financial expenses": 155,
        "Of which: Interest expense": "N/A",
        "Cost of sales": 2582,
        "Enterprise cost management": 5035,
        "Total Operating Expenses": 7772,
        "Total revenue financing activities": 306,
        "Net profit from business activities": 26110,
        "Profit": 232,
        "Profit before tax": 26343,
        "Present corporate income tax expenses": "N/A",
        "Deferred income taxes expenses": "N/A",
        "The interests of minority shareholders": "N/A",
        "Total Cost of profits": 0,
        "Profit after tax corporate income": 26343,
        "Volume": 10718000,
        "Close of Quarter": 9.0,
        "EPS": 1459.8,
        "Non-adjusted EPS": 6194,
        "PE": 1.5,
        "Book Price": 5
      }
    },
    {
      "quarter": "Q2 2006",
      "income status": {
        "Net sales": 135974,
        "Cost of goods sold": 98286,
        "Gross Profit": 37688,
        "Financial expenses": 112,
        "Of which: Interest expense": 112,
        "Cost of sales": 3866,
        "Enterprise cost management": 4443,
        "Total Operating Expenses": 8421,
        "Total revenue financing activities": 106,
        "Net profit from business activities": 29373,
        "Profit": 166,
        "Profit before tax": 29539,
        "Present corporate income tax expenses": 4135,
        "Deferred income taxes expenses": "N/A",
        "The interests of minority shareholders": "N/A",
        "Total Cost of profits": 4135,
        "Profit after tax corporate income": 25404,
        "Volume": 10718000,
        "Close of Quarter": "N/A",
        "EPS": 880.7,
        "Non-adjusted EPS": 3737,
        "PE": "N/A",
        "Book Price": 4.6
      }
    },
    {
      "quarter": "Q1 2006",
      "income status": {
        "Net sales": 97672,
        "Cost of goods sold": 71388,
        "Gross Profit": 26284,
        "Financial expenses": 472,
        "Of which: Interest expense": 472,
        "Cost of sales": 1025,
        "Enterprise cost management": 8018,
        "Total Operating Expenses": 9515,
        "Total revenue financing activities": 227,
        "Net profit from business activities": 16995,
        "Profit": 32,
        "Profit before tax": 17028,
        "Present corporate income tax expenses": 2384,
        "Deferred income taxes expenses": "N/A",
        "The interests of minority shareholders": "N/A",
        "Total Cost of profits": 2384,
        "Profit after tax corporate income": 14644,
        "Volume": 10718000,
        "Close of Quarter": "N/A",
        "EPS": 321.9,
        "Non-adjusted EPS": 1366,
        "PE": "N/A",
        "Book Price": 4.0
      }
    }
  ]
}