{
  "ticker": "NNC",
  "data": [
    {
      "quarter": "Q1 2017",
      "income status": {
        "Net sales": 127499,
        "Cost of goods sold": 77552,
        "Gross Profit": 49947,
        "Financial expenses": 1,
        "Of which: Interest expense": "N/A",
        "Cost of sales": 1064,
        "Enterprise cost management": 359,
        "Total Operating Expenses": 1424,
        "Total revenue financing activities": 2472,
        "Net profit from business activities": 50996,
        "Profit": -10,
        "Profit before tax": 50986,
        "Present corporate income tax expenses": 9752,
        "Deferred income taxes expenses": 448,
        "The interests of minority shareholders": "N/A",
        "Total Cost of profits": 10200,
        "Profit after tax corporate income": 40787,
        "Volume": 16440202,
        "Close of Quarter": 74.4,
        "EPS": 11299,
        "Non-adjusted EPS": 11299,
        "PE": 6.6,
        "Book Price": 27.1
      }
    },
    {
      "quarter": "Q4 2016",
      "income status": {
        "Net sales": 169706,
        "Cost of goods sold": 107505,
        "Gross Profit": 62200,
        "Financial expenses": 19,
        "Of which: Interest expense": "N/A",
        "Cost of sales": 959,
        "Enterprise cost management": 2987,
        "Total Operating Expenses": 3965,
        "Total revenue financing activities": 1860,
        "Net profit from business activities": 60095,
        "Profit": -100,
        "Profit before tax": 59995,
        "Present corporate income tax expenses": 12975,
        "Deferred income taxes expenses": -474,
        "The interests of minority shareholders": "N/A",
        "Total Cost of profits": 12501,
        "Profit after tax corporate income": 47495,
        "Volume": 16440202,
        "Close of Quarter": 70.1,
        "EPS": 11134,
        "Non-adjusted EPS": 11134,
        "PE": 6.3,
        "Book Price": 24.7
      }
    },
    {
      "quarter": "Q3 2016",
      "income status": {
        "Net sales": 148226,
        "Cost of goods sold": 88185,
        "Gross Profit": 60040,
        "Financial expenses": 17,
        "Of which: Interest expense": "N/A",
        "Cost of sales": 1566,
        "Enterprise cost management": 4174,
        "Total Operating Expenses": 5757,
        "Total revenue financing activities": 1690,
        "Net profit from business activities": 55974,
        "Profit": "N/A",
        "Profit before tax": 55973,
        "Present corporate income tax expenses": 11039,
        "Deferred income taxes expenses": 156,
        "The interests of minority shareholders": "N/A",
        "Total Cost of profits": 11195,
        "Profit after tax corporate income": 44778,
        "Volume": 16440202,
        "Close of Quarter": 90.4,
        "EPS": 10350,
        "Non-adjusted EPS": 10350,
        "PE": 8.7,
        "Book Price": 24.9
      }
    },
    {
      "quarter": "Q2 2016",
      "income status": {
        "Net sales": 149404,
        "Cost of goods sold": 82717,
        "Gross Profit": 66687,
        "Financial expenses": 266,
        "Of which: Interest expense": 134,
        "Cost of sales": 445,
        "Enterprise cost management": 1486,
        "Total Operating Expenses": 2197,
        "Total revenue financing activities": 1377,
        "Net profit from business activities": 65868,
        "Profit": "N/A",
        "Profit before tax": 65868,
        "Present corporate income tax expenses": 7150,
        "Deferred income taxes expenses": 6024,
        "The interests of minority shareholders": "N/A",
        "Total Cost of profits": 13174,
        "Profit after tax corporate income": 52694,
        "Volume": 13152261,
        "Close of Quarter": 64.8,
        "EPS": 9938.5,
        "Non-adjusted EPS": 12423,
        "PE": 5.2,
        "Book Price": 22.4
      }
    },
    {
      "quarter": "Q1 2016",
      "income status": {
        "Net sales": 116417,
        "Cost of goods sold": 67139,
        "Gross Profit": 49279,
        "Financial expenses": 210,
        "Of which: Interest expense": 142,
        "Cost of sales": 990,
        "Enterprise cost management": 2541,
        "Total Operating Expenses": 3741,
        "Total revenue financing activities": 2054,
        "Net profit from business activities": 47592,
        "Profit": "N/A",
        "Profit before tax": 47592,
        "Present corporate income tax expenses": 9299,
        "Deferred income taxes expenses": 219,
        "The interests of minority shareholders": "N/A",
        "Total Cost of profits": 9518,
        "Profit after tax corporate income": 38073,
        "Volume": 13152261,
        "Close of Quarter": 50.0,
        "EPS": 8306.5,
        "Non-adjusted EPS": 10383,
        "PE": 4.8,
        "Book Price": 19.5
      }
    },
    {
      "quarter": "Q4 2015",
      "income status": {
        "Net sales": 158268,
        "Cost of goods sold": 103061,
        "Gross Profit": 55207,
        "Financial expenses": 93,
        "Of which: Interest expense": 7,
        "Cost of sales": 610,
        "Enterprise cost management": 3937,
        "Total Operating Expenses": 4640,
        "Total revenue financing activities": 2011,
        "Net profit from business activities": 52578,
        "Profit": -7917,
        "Profit before tax": 44661,
        "Present corporate income tax expenses": 12115,
        "Deferred income taxes expenses": -2070,
        "The interests of minority shareholders": "N/A",
        "Total Cost of profits": 10045,
        "Profit after tax corporate income": 34616,
        "Volume": 13152261,
        "Close of Quarter": 42.9,
        "EPS": 7464.1,
        "Non-adjusted EPS": 9330,
        "PE": 4.6,
        "Book Price": 17.3
      }
    },
    {
      "quarter": "Q3 2015",
      "income status": {
        "Net sales": 133030,
        "Cost of goods sold": 82688,
        "Gross Profit": 50343,
        "Financial expenses": 166,
        "Of which: Interest expense": 166,
        "Cost of sales": 727,
        "Enterprise cost management": 2620,
        "Total Operating Expenses": 3513,
        "Total revenue financing activities": 1950,
        "Net profit from business activities": 48779,
        "Profit": -2,
        "Profit before tax": 48777,
        "Present corporate income tax expenses": 10835,
        "Deferred income taxes expenses": -64,
        "The interests of minority shareholders": "N/A",
        "Total Cost of profits": 10771,
        "Profit after tax corporate income": 38006,
        "Volume": 13152261,
        "Close of Quarter": 38.4,
        "EPS": 7038.5,
        "Non-adjusted EPS": 8798,
        "PE": 4.4,
        "Book Price": 15.4
      }
    },
    {
      "quarter": "Q2 2015",
      "income status": {
        "Net sales": 127756,
        "Cost of goods sold": 80466,
        "Gross Profit": 47290,
        "Financial expenses": 139,
        "Of which: Interest expense": 139,
        "Cost of sales": 740,
        "Enterprise cost management": 2294,
        "Total Operating Expenses": 3173,
        "Total revenue financing activities": 1567,
        "Net profit from business activities": 45683,
        "Profit": -11255,
        "Profit before tax": 34428,
        "Present corporate income tax expenses": 11287,
        "Deferred income taxes expenses": -2719,
        "The interests of minority shareholders": "N/A",
        "Total Cost of profits": 8568,
        "Profit after tax corporate income": 25860,
        "Volume": 13152261,
        "Close of Quarter": 35.5,
        "EPS": 6352.9,
        "Non-adjusted EPS": 7941,
        "PE": 4.5,
        "Book Price": 15.6
      }
    },
    {
      "quarter": "Q1 2015",
      "income status": {
        "Net sales": 88805,
        "Cost of goods sold": 56766,
        "Gross Profit": 32039,
        "Financial expenses": 284,
        "Of which: Interest expense": 284,
        "Cost of sales": 612,
        "Enterprise cost management": 1862,
        "Total Operating Expenses": 2758,
        "Total revenue financing activities": 1790,
        "Net profit from business activities": 31071,
        "Profit": "N/A",
        "Profit before tax": 31071,
        "Present corporate income tax expenses": 7147,
        "Deferred income taxes expenses": -311,
        "The interests of minority shareholders": "N/A",
        "Total Cost of profits": 6836,
        "Profit after tax corporate income": 24235,
        "Volume": 13152261,
        "Close of Quarter": 35.9,
        "EPS": 6516.1,
        "Non-adjusted EPS": 8145,
        "PE": 4.4,
        "Book Price": 14.2
      }
    },
    {
      "quarter": "Q4 2014",
      "income status": {
        "Net sales": 108281,
        "Cost of goods sold": 69187,
        "Gross Profit": 39095,
        "Financial expenses": 188,
        "Of which: Interest expense": 188,
        "Cost of sales": 1056,
        "Enterprise cost management": 4273,
        "Total Operating Expenses": 5517,
        "Total revenue financing activities": 1978,
        "Net profit from business activities": 35556,
        "Profit": "N/A",
        "Profit before tax": 35555,
        "Present corporate income tax expenses": 8876,
        "Deferred income taxes expenses": -935,
        "The interests of minority shareholders": "N/A",
        "Total Cost of profits": 7941,
        "Profit after tax corporate income": 27614,
        "Volume": 8768175,
        "Close of Quarter": 31.8,
        "EPS": 6328.1,
        "Non-adjusted EPS": 11865,
        "PE": 2.7,
        "Book Price": 15.2
      }
    },
    {
      "quarter": "Q3 2014",
      "income status": {
        "Net sales": 97638,
        "Cost of goods sold": 62615,
        "Gross Profit": 35023,
        "Financial expenses": "N/A",
        "Of which: Interest expense": "N/A",
        "Cost of sales": 530,
        "Enterprise cost management": 2025,
        "Total Operating Expenses": 2555,
        "Total revenue financing activities": 1809,
        "Net profit from business activities": 34276,
        "Profit": "N/A",
        "Profit before tax": 34276,
        "Present corporate income tax expenses": 7976,
        "Deferred income taxes expenses": -435,
        "The interests of minority shareholders": "N/A",
        "Total Cost of profits": 7541,
        "Profit after tax corporate income": 26735,
        "Volume": 8768175,
        "Close of Quarter": 27.4,
        "EPS": 5442.2,
        "Non-adjusted EPS": 10204,
        "PE": 2.7,
        "Book Price": 13.7
      }
    },
    {
      "quarter": "Q2 2014",
      "income status": {
        "Net sales": 104585,
        "Cost of goods sold": 64408,
        "Gross Profit": 40176,
        "Financial expenses": "N/A",
        "Of which: Interest expense": "N/A",
        "Cost of sales": 674,
        "Enterprise cost management": 2449,
        "Total Operating Expenses": 3123,
        "Total revenue financing activities": 1673,
        "Net profit from business activities": 38727,
        "Profit": -2139,
        "Profit before tax": 36587,
        "Present corporate income tax expenses": 9307,
        "Deferred income taxes expenses": -1258,
        "The interests of minority shareholders": "N/A",
        "Total Cost of profits": 8049,
        "Profit after tax corporate income": 28538,
        "Volume": 8768175,
        "Close of Quarter": 24.0,
        "EPS": 5017.1,
        "Non-adjusted EPS": 9407,
        "PE": 2.6,
        "Book Price": 13.8
      }
    },
    {
      "quarter": "Q1 2014",
      "income status": {
        "Net sales": 81688,
        "Cost of goods sold": 54387,
        "Gross Profit": 27301,
        "Financial expenses": "N/A",
        "Of which: Interest expense": "N/A",
        "Cost of sales": 347,
        "Enterprise cost management": 1778,
        "Total Operating Expenses": 2125,
        "Total revenue financing activities": 1925,
        "Net profit from business activities": 27102,
        "Profit": 10,
        "Profit before tax": 27111,
        "Present corporate income tax expenses": 6456,
        "Deferred income taxes expenses": -491,
        "The interests of minority shareholders": "N/A",
        "Total Cost of profits": 5965,
        "Profit after tax corporate income": 21146,
        "Volume": 8302000,
        "Close of Quarter": 24.9,
        "EPS": 4758.4,
        "Non-adjusted EPS": 9423,
        "PE": 2.6,
        "Book Price": 10.7
      }
    },
    {
      "quarter": "Q4 2013",
      "income status": {
        "Net sales": 89297,
        "Cost of goods sold": 70378,
        "Gross Profit": 18919,
        "Financial expenses": 473,
        "Of which: Interest expense": 473,
        "Cost of sales": 1059,
        "Enterprise cost management": 2501,
        "Total Operating Expenses": 4033,
        "Total revenue financing activities": 2752,
        "Net profit from business activities": 17637,
        "Profit": -75,
        "Profit before tax": 17562,
        "Present corporate income tax expenses": 5219,
        "Deferred income taxes expenses": -705,
        "The interests of minority shareholders": "N/A",
        "Total Cost of profits": 4514,
        "Profit after tax corporate income": 13049,
        "Volume": 8302000,
        "Close of Quarter": 19.0,
        "EPS": 4384.3,
        "Non-adjusted EPS": 8682,
        "PE": 2.2,
        "Book Price": 11.3
      }
    },
    {
      "quarter": "Q3 2013",
      "income status": {
        "Net sales": 78948,
        "Cost of goods sold": 53053,
        "Gross Profit": 25895,
        "Financial expenses": 613,
        "Of which: Interest expense": 613,
        "Cost of sales": 375,
        "Enterprise cost management": 1555,
        "Total Operating Expenses": 2543,
        "Total revenue financing activities": 3059,
        "Net profit from business activities": 26410,
        "Profit": -56,
        "Profit before tax": 26354,
        "Present corporate income tax expenses": 6676,
        "Deferred income taxes expenses": -73,
        "The interests of minority shareholders": "N/A",
        "Total Cost of profits": 6603,
        "Profit after tax corporate income": 19752,
        "Volume": 8302000,
        "Close of Quarter": 17.4,
        "EPS": 5347.3,
        "Non-adjusted EPS": 10589,
        "PE": 1.7,
        "Book Price": 10.6
      }
    },
    {
      "quarter": "Q2 2013",
      "income status": {
        "Net sales": 92876,
        "Cost of goods sold": 60602,
        "Gross Profit": 32274,
        "Financial expenses": 20,
        "Of which: Interest expense": 20,
        "Cost of sales": 605,
        "Enterprise cost management": 1486,
        "Total Operating Expenses": 2111,
        "Total revenue financing activities": 2208,
        "Net profit from business activities": 32371,
        "Profit": "N/A",
        "Profit before tax": 32371,
        "Present corporate income tax expenses": 7113,
        "Deferred income taxes expenses": 980,
        "The interests of minority shareholders": "N/A",
        "Total Cost of profits": 8093,
        "Profit after tax corporate income": 24279,
        "Volume": 8319500,
        "Close of Quarter": 17.9,
        "EPS": 5244.7,
        "Non-adjusted EPS": 10364,
        "PE": 1.7,
        "Book Price": 11.0
      }
    },
    {
      "quarter": "Q1 2013",
      "income status": {
        "Net sales": 62129,
        "Cost of goods sold": 42035,
        "Gross Profit": 20094,
        "Financial expenses": "N/A",
        "Of which: Interest expense": "N/A",
        "Cost of sales": 618,
        "Enterprise cost management": 2003,
        "Total Operating Expenses": 2621,
        "Total revenue financing activities": 2522,
        "Net profit from business activities": 19995,
        "Profit": -2,
        "Profit before tax": 19993,
        "Present corporate income tax expenses": 4799,
        "Deferred income taxes expenses": 200,
        "The interests of minority shareholders": "N/A",
        "Total Cost of profits": 4999,
        "Profit after tax corporate income": 14994,
        "Volume": 8319500,
        "Close of Quarter": 17.5,
        "EPS": 4848.9,
        "Non-adjusted EPS": 9582,
        "PE": 1.8,
        "Book Price": 11.0
      }
    },
    {
      "quarter": "Q4 2012",
      "income status": {
        "Net sales": 88902,
        "Cost of goods sold": 57895,
        "Gross Profit": 31007,
        "Financial expenses": "N/A",
        "Of which: Interest expense": "N/A",
        "Cost of sales": 683,
        "Enterprise cost management": 2221,
        "Total Operating Expenses": 2904,
        "Total revenue financing activities": 2630,
        "Net profit from business activities": 30733,
        "Profit": "N/A",
        "Profit before tax": 30733,
        "Present corporate income tax expenses": 1735,
        "Deferred income taxes expenses": 112,
        "The interests of minority shareholders": "N/A",
        "Total Cost of profits": 1847,
        "Profit after tax corporate income": 28885,
        "Volume": 8319500,
        "Close of Quarter": 12.6,
        "EPS": 4795.3,
        "Non-adjusted EPS": 9476,
        "PE": 1.3,
        "Book Price": 10.3
      }
    },
    {
      "quarter": "Q3 2012",
      "income status": {
        "Net sales": 66103,
        "Cost of goods sold": 44644,
        "Gross Profit": 21459,
        "Financial expenses": "N/A",
        "Of which: Interest expense": "N/A",
        "Cost of sales": 510,
        "Enterprise cost management": 1386,
        "Total Operating Expenses": 1896,
        "Total revenue financing activities": 2387,
        "Net profit from business activities": 21950,
        "Profit": "N/A",
        "Profit before tax": 21950,
        "Present corporate income tax expenses": 3881,
        "Deferred income taxes expenses": "N/A",
        "The interests of minority shareholders": "N/A",
        "Total Cost of profits": 3881,
        "Profit after tax corporate income": 18068,
        "Volume": 8319500,
        "Close of Quarter": 11.3,
        "EPS": 4815.0,
        "Non-adjusted EPS": 9515,
        "PE": 1.2,
        "Book Price": 9.6
      }
    },
    {
      "quarter": "Q2 2012",
      "income status": {
        "Net sales": 70534,
        "Cost of goods sold": 47588,
        "Gross Profit": 22946,
        "Financial expenses": 118,
        "Of which: Interest expense": 118,
        "Cost of sales": 697,
        "Enterprise cost management": 1519,
        "Total Operating Expenses": 2334,
        "Total revenue financing activities": 3205,
        "Net profit from business activities": 23817,
        "Profit": -5,
        "Profit before tax": 23813,
        "Present corporate income tax expenses": 6040,
        "Deferred income taxes expenses": "N/A",
        "The interests of minority shareholders": "N/A",
        "Total Cost of profits": 6040,
        "Profit after tax corporate income": 17772,
        "Volume": 8319500,
        "Close of Quarter": 10.6,
        "EPS": 5200.6,
        "Non-adjusted EPS": 10277,
        "PE": 1.0,
        "Book Price": 9.8
      }
    },
    {
      "quarter": "Q1 2012",
      "income status": {
        "Net sales": 54545,
        "Cost of goods sold": 37557,
        "Gross Profit": 16988,
        "Financial expenses": "N/A",
        "Of which: Interest expense": "N/A",
        "Cost of sales": 294,
        "Enterprise cost management": 1279,
        "Total Operating Expenses": 1573,
        "Total revenue financing activities": 3424,
        "Net profit from business activities": 18839,
        "Profit": "N/A",
        "Profit before tax": 18839,
        "Present corporate income tax expenses": 4727,
        "Deferred income taxes expenses": "N/A",
        "The interests of minority shareholders": "N/A",
        "Total Cost of profits": 4727,
        "Profit after tax corporate income": 14112,
        "Volume": 8319500,
        "Close of Quarter": 10.4,
        "EPS": 5729.0,
        "Non-adjusted EPS": 11321,
        "PE": 0.9,
        "Book Price": 11.1
      }
    },
    {
      "quarter": "Q4 2011",
      "income status": {
        "Net sales": 73586,
        "Cost of goods sold": 43995,
        "Gross Profit": 29591,
        "Financial expenses": "N/A",
        "Of which: Interest expense": "N/A",
        "Cost of sales": 1176,
        "Enterprise cost management": 2555,
        "Total Operating Expenses": 3731,
        "Total revenue financing activities": 2999,
        "Net profit from business activities": 28860,
        "Profit": "N/A",
        "Profit before tax": 28860,
        "Present corporate income tax expenses": -344,
        "Deferred income taxes expenses": "N/A",
        "The interests of minority shareholders": "N/A",
        "Total Cost of profits": -344,
        "Profit after tax corporate income": 29205,
        "Volume": 8319500,
        "Close of Quarter": 8.4,
        "EPS": 5838.3,
        "Non-adjusted EPS": 11537,
        "PE": 0.7,
        "Book Price": 10.3
      }
    },
    {
      "quarter": "Q3 2011",
      "income status": {
        "Net sales": 75005,
        "Cost of goods sold": 44038,
        "Gross Profit": 30967,
        "Financial expenses": "N/A",
        "Of which: Interest expense": "N/A",
        "Cost of sales": 469,
        "Enterprise cost management": 1764,
        "Total Operating Expenses": 2233,
        "Total revenue financing activities": 3566,
        "Net profit from business activities": 32300,
        "Profit": 53,
        "Profit before tax": 32352,
        "Present corporate income tax expenses": 7940,
        "Deferred income taxes expenses": "N/A",
        "The interests of minority shareholders": "N/A",
        "Total Cost of profits": 7940,
        "Profit after tax corporate income": 24412,
        "Volume": 8319500,
        "Close of Quarter": 8.0,
        "EPS": 5271.0,
        "Non-adjusted EPS": 10416,
        "PE": 0.8,
        "Book Price": 9.0
      }
    },
    {
      "quarter": "Q2 2011",
      "income status": {
        "Net sales": 75023,
        "Cost of goods sold": 41119,
        "Gross Profit": 33904,
        "Financial expenses": "N/A",
        "Of which: Interest expense": "N/A",
        "Cost of sales": 296,
        "Enterprise cost management": 1349,
        "Total Operating Expenses": 1645,
        "Total revenue financing activities": 2784,
        "Net profit from business activities": 35043,
        "Profit": -22,
        "Profit before tax": 35022,
        "Present corporate income tax expenses": 8567,
        "Deferred income taxes expenses": "N/A",
        "The interests of minority shareholders": "N/A",
        "Total Cost of profits": 8567,
        "Profit after tax corporate income": 26454,
        "Volume": 8319500,
        "Close of Quarter": 7.4,
        "EPS": 5111.1,
        "Non-adjusted EPS": 10100,
        "PE": 0.7,
        "Book Price": 9.2
      }
    },
    {
      "quarter": "Q1 2011",
      "income status": {
        "Net sales": 56191,
        "Cost of goods sold": 36464,
        "Gross Profit": 19728,
        "Financial expenses": "N/A",
        "Of which: Interest expense": "N/A",
        "Cost of sales": 526,
        "Enterprise cost management": 1074,
        "Total Operating Expenses": 1600,
        "Total revenue financing activities": 2078,
        "Net profit from business activities": 20207,
        "Profit": 702,
        "Profit before tax": 20909,
        "Present corporate income tax expenses": 5002,
        "Deferred income taxes expenses": "N/A",
        "The interests of minority shareholders": "N/A",
        "Total Cost of profits": 5002,
        "Profit after tax corporate income": 15907,
        "Volume": 8338350,
        "Close of Quarter": 8.5,
        "EPS": 4693.1,
        "Non-adjusted EPS": 9253,
        "PE": 0.9,
        "Book Price": 7.7
      }
    },
    {
      "quarter": "Q4 2010",
      "income status": {
        "Net sales": 70449,
        "Cost of goods sold": 43124,
        "Gross Profit": 27325,
        "Financial expenses": "N/A",
        "Of which: Interest expense": "N/A",
        "Cost of sales": 786,
        "Enterprise cost management": 1792,
        "Total Operating Expenses": 2578,
        "Total revenue financing activities": 1858,
        "Net profit from business activities": 26606,
        "Profit": -320,
        "Profit before tax": 26286,
        "Present corporate income tax expenses": 6403,
        "Deferred income taxes expenses": "N/A",
        "The interests of minority shareholders": "N/A",
        "Total Cost of profits": 6403,
        "Profit after tax corporate income": 19883,
        "Volume": 8338350,
        "Close of Quarter": 9.9,
        "EPS": 4787.4,
        "Non-adjusted EPS": 9439,
        "PE": 1.1,
        "Book Price": 7.5
      }
    },
    {
      "quarter": "Q3 2010",
      "income status": {
        "Net sales": 67677,
        "Cost of goods sold": 39075,
        "Gross Profit": 28602,
        "Financial expenses": "N/A",
        "Of which: Interest expense": "N/A",
        "Cost of sales": 670,
        "Enterprise cost management": 1261,
        "Total Operating Expenses": 1931,
        "Total revenue financing activities": 2009,
        "Net profit from business activities": 28680,
        "Profit": 1,
        "Profit before tax": 28681,
        "Present corporate income tax expenses": 6901,
        "Deferred income taxes expenses": "N/A",
        "The interests of minority shareholders": "N/A",
        "Total Cost of profits": 6901,
        "Profit after tax corporate income": 21780,
        "Volume": 8543350,
        "Close of Quarter": 10.4,
        "EPS": 4660.9,
        "Non-adjusted EPS": 8969,
        "PE": 1.2,
        "Book Price": 6.5
      }
    },
    {
      "quarter": "Q2 2010",
      "income status": {
        "Net sales": 69813,
        "Cost of goods sold": 42445,
        "Gross Profit": 27368,
        "Financial expenses": "N/A",
        "Of which: Interest expense": "N/A",
        "Cost of sales": 1321,
        "Enterprise cost management": 1644,
        "Total Operating Expenses": 2965,
        "Total revenue financing activities": 1354,
        "Net profit from business activities": 25758,
        "Profit": 1,
        "Profit before tax": 25759,
        "Present corporate income tax expenses": 6173,
        "Deferred income taxes expenses": "N/A",
        "The interests of minority shareholders": "N/A",
        "Total Cost of profits": 6173,
        "Profit after tax corporate income": 19586,
        "Volume": 8543350,
        "Close of Quarter": 12.9,
        "EPS": 4617.7,
        "Non-adjusted EPS": 8886,
        "PE": 1.5,
        "Book Price": 7.1
      }
    },
    {
      "quarter": "Q1 2010",
      "income status": {
        "Net sales": 50100,
        "Cost of goods sold": 27728,
        "Gross Profit": 22372,
        "Financial expenses": "N/A",
        "Of which: Interest expense": "N/A",
        "Cost of sales": 333,
        "Enterprise cost management": 978,
        "Total Operating Expenses": 1311,
        "Total revenue financing activities": 1869,
        "Net profit from business activities": 22930,
        "Profit": 3,
        "Profit before tax": 22933,
        "Present corporate income tax expenses": 5476,
        "Deferred income taxes expenses": "N/A",
        "The interests of minority shareholders": "N/A",
        "Total Cost of profits": 5476,
        "Profit after tax corporate income": 17457,
        "Volume": 8768175,
        "Close of Quarter": "N/A",
        "EPS": 4569.1,
        "Non-adjusted EPS": 8567,
        "PE": "N/A",
        "Book Price": 6.4
      }
    },
    {
      "quarter": "Q4 2009",
      "income status": {
        "Net sales": 64476,
        "Cost of goods sold": 35526,
        "Gross Profit": 28950,
        "Financial expenses": "N/A",
        "Of which: Interest expense": "N/A",
        "Cost of sales": 770,
        "Enterprise cost management": 1799,
        "Total Operating Expenses": 2569,
        "Total revenue financing activities": 1491,
        "Net profit from business activities": 27872,
        "Profit": -43,
        "Profit before tax": 27828,
        "Present corporate income tax expenses": 10023,
        "Deferred income taxes expenses": "N/A",
        "The interests of minority shareholders": "N/A",
        "Total Cost of profits": 10023,
        "Profit after tax corporate income": 17805,
        "Volume": 8768175,
        "Close of Quarter": "N/A",
        "EPS": 3507.2,
        "Non-adjusted EPS": 6576,
        "PE": "N/A",
        "Book Price": 7.9
      }
    },
    {
      "quarter": "Q3 2009",
      "income status": {
        "Net sales": 49038,
        "Cost of goods sold": 26885,
        "Gross Profit": 22153,
        "Financial expenses": "N/A",
        "Of which: Interest expense": "N/A",
        "Cost of sales": 654,
        "Enterprise cost management": 962,
        "Total Operating Expenses": 1616,
        "Total revenue financing activities": 1258,
        "Net profit from business activities": 21795,
        "Profit": 1570,
        "Profit before tax": 23365,
        "Present corporate income tax expenses": 2299,
        "Deferred income taxes expenses": "N/A",
        "The interests of minority shareholders": "N/A",
        "Total Cost of profits": 2299,
        "Profit after tax corporate income": 21065,
        "Volume": 8768175,
        "Close of Quarter": "N/A",
        "EPS": 2424.0,
        "Non-adjusted EPS": 4545,
        "PE": "N/A",
        "Book Price": 7.0
      }
    },
    {
      "quarter": "Q3 2008",
      "income status": {
        "Net sales": 40840,
        "Cost of goods sold": 22253,
        "Gross Profit": 18587,
        "Financial expenses": "N/A",
        "Of which: Interest expense": "N/A",
        "Cost of sales": 497,
        "Enterprise cost management": 1201,
        "Total Operating Expenses": 1698,
        "Total revenue financing activities": 1901,
        "Net profit from business activities": 18788,
        "Profit": "N/A",
        "Profit before tax": 18788,
        "Present corporate income tax expenses": "N/A",
        "Deferred income taxes expenses": "N/A",
        "The interests of minority shareholders": "N/A",
        "Total Cost of profits": 0,
        "Profit after tax corporate income": 18788,
        "Volume": 8768175,
        "Close of Quarter": "N/A",
        "EPS": 1142.9,
        "Non-adjusted EPS": 2143,
        "PE": "N/A",
        "Book Price": "N/A"
      }
    }
  ]
}