{
  "ticker": "GAS",
  "data": [
    {
      "quarter": "Q1 2017",
      "income status": {
        "Net sales": 16257396,
        "Cost of goods sold": 12859577,
        "Gross Profit": 3397819,
        "Financial expenses": 81937,
        "Of which: Interest expense": 63807,
        "Cost of sales": 569814,
        "Enterprise cost management": 246563,
        "Total Operating Expenses": 898314,
        "Total revenue financing activities": 238731,
        "Net profit from business activities": 2737623,
        "Profit": 46966,
        "Profit before tax": 2784590,
        "Present corporate income tax expenses": 559790,
        "Deferred income taxes expenses": 9032,
        "The interests of minority shareholders": 39693,
        "Total Cost of profits": 608515,
        "Profit after tax corporate income": 2176075,
        "Volume": 1913950000,
        "Close of Quarter": 54.3,
        "EPS": 4113,
        "Non-adjusted EPS": 4113,
        "PE": 13.2,
        "Book Price": 22.2
      }
    },
    {
      "quarter": "Q4 2016",
      "income status": {
        "Net sales": 15662687,
        "Cost of goods sold": 10858704,
        "Gross Profit": 4803983,
        "Financial expenses": 219708,
        "Of which: Interest expense": 96926,
        "Cost of sales": 582668,
        "Enterprise cost management": 294958,
        "Total Operating Expenses": 1097334,
        "Total revenue financing activities": 265808,
        "Net profit from business activities": 3972825,
        "Profit": 11380,
        "Profit before tax": 3984205,
        "Present corporate income tax expenses": 819398,
        "Deferred income taxes expenses": 89164,
        "The interests of minority shareholders": 8949,
        "Total Cost of profits": 917511,
        "Profit after tax corporate income": 3066695,
        "Volume": 1913950000,
        "Close of Quarter": 59.9,
        "EPS": 3663,
        "Non-adjusted EPS": 3663,
        "PE": 16.3,
        "Book Price": 21.3
      }
    },
    {
      "quarter": "Q3 2016",
      "income status": {
        "Net sales": 13787161,
        "Cost of goods sold": 11980896,
        "Gross Profit": 1806266,
        "Financial expenses": 88949,
        "Of which: Interest expense": 82519,
        "Cost of sales": 578766,
        "Enterprise cost management": 195187,
        "Total Operating Expenses": 862902,
        "Total revenue financing activities": 325466,
        "Net profit from business activities": 1268727,
        "Profit": 3315,
        "Profit before tax": 1272042,
        "Present corporate income tax expenses": 280910,
        "Deferred income taxes expenses": 4669,
        "The interests of minority shareholders": 22469,
        "Total Cost of profits": 308048,
        "Profit after tax corporate income": 963994,
        "Volume": 1913950000,
        "Close of Quarter": 67.2,
        "EPS": 2607,
        "Non-adjusted EPS": 2607,
        "PE": 25.8,
        "Book Price": 22.1
      }
    },
    {
      "quarter": "Q2 2016",
      "income status": {
        "Net sales": 15711205,
        "Cost of goods sold": 13176659,
        "Gross Profit": 2534546,
        "Financial expenses": 88775,
        "Of which: Interest expense": 107970,
        "Cost of sales": 484164,
        "Enterprise cost management": 243214,
        "Total Operating Expenses": 816153,
        "Total revenue financing activities": 219006,
        "Net profit from business activities": 1937706,
        "Profit": 26192,
        "Profit before tax": 1963898,
        "Present corporate income tax expenses": 374295,
        "Deferred income taxes expenses": -42684,
        "The interests of minority shareholders": -33931,
        "Total Cost of profits": 297680,
        "Profit after tax corporate income": 1666219,
        "Volume": 1913950000,
        "Close of Quarter": 59.1,
        "EPS": 3314,
        "Non-adjusted EPS": 3314,
        "PE": 17.9,
        "Book Price": 21.6
      }
    },
    {
      "quarter": "Q1 2016",
      "income status": {
        "Net sales": 13984088,
        "Cost of goods sold": 11576703,
        "Gross Profit": 2407385,
        "Financial expenses": 99719,
        "Of which: Interest expense": 70609,
        "Cost of sales": 488675,
        "Enterprise cost management": 206117,
        "Total Operating Expenses": 794511,
        "Total revenue financing activities": 328758,
        "Net profit from business activities": 1941432,
        "Profit": 9179,
        "Profit before tax": 1950611,
        "Present corporate income tax expenses": 471723,
        "Deferred income taxes expenses": "N/A",
        "The interests of minority shareholders": 164281,
        "Total Cost of profits": 636004,
        "Profit after tax corporate income": 1314606,
        "Volume": 1913950000,
        "Close of Quarter": 38.8,
        "EPS": 3796,
        "Non-adjusted EPS": 3796,
        "PE": 10.2,
        "Book Price": 22.8
      }
    },
    {
      "quarter": "Q4 2015",
      "income status": {
        "Net sales": 17264396,
        "Cost of goods sold": 15294547,
        "Gross Profit": 1969849,
        "Financial expenses": 65617,
        "Of which: Interest expense": 55354,
        "Cost of sales": 491948,
        "Enterprise cost management": 270742,
        "Total Operating Expenses": 828307,
        "Total revenue financing activities": 257444,
        "Net profit from business activities": 1399529,
        "Profit": 50621,
        "Profit before tax": 1450150,
        "Present corporate income tax expenses": 342801,
        "Deferred income taxes expenses": 6565,
        "The interests of minority shareholders": 56304,
        "Total Cost of profits": 405670,
        "Profit after tax corporate income": 1044480,
        "Volume": 1895000000,
        "Close of Quarter": 32.8,
        "EPS": 4459.4,
        "Non-adjusted EPS": 4504,
        "PE": 7.3,
        "Book Price": 22.4
      }
    },
    {
      "quarter": "Q3 2015",
      "income status": {
        "Net sales": 15724333,
        "Cost of goods sold": 12201348,
        "Gross Profit": 3522986,
        "Financial expenses": 135309,
        "Of which: Interest expense": 35241,
        "Cost of sales": 443458,
        "Enterprise cost management": 247341,
        "Total Operating Expenses": 826108,
        "Total revenue financing activities": 292454,
        "Net profit from business activities": 2989323,
        "Profit": 12970,
        "Profit before tax": 3002294,
        "Present corporate income tax expenses": 611763,
        "Deferred income taxes expenses": 588,
        "The interests of minority shareholders": 72570,
        "Total Cost of profits": 684921,
        "Profit after tax corporate income": 2317373,
        "Volume": 1895000000,
        "Close of Quarter": 40.6,
        "EPS": 6412.9,
        "Non-adjusted EPS": 6477,
        "PE": 6.3,
        "Book Price": 23.0
      }
    },
    {
      "quarter": "Q2 2015",
      "income status": {
        "Net sales": 15769376,
        "Cost of goods sold": 11914921,
        "Gross Profit": 3854454,
        "Financial expenses": 89647,
        "Of which: Interest expense": 38319,
        "Cost of sales": 378222,
        "Enterprise cost management": 275206,
        "Total Operating Expenses": 743075,
        "Total revenue financing activities": 270250,
        "Net profit from business activities": 3382444,
        "Profit": -8667,
        "Profit before tax": 3373777,
        "Present corporate income tax expenses": 709403,
        "Deferred income taxes expenses": -16488,
        "The interests of minority shareholders": 91582,
        "Total Cost of profits": 784497,
        "Profit after tax corporate income": 2589280,
        "Volume": 1895000000,
        "Close of Quarter": 54.9,
        "EPS": 6743.6,
        "Non-adjusted EPS": 6811,
        "PE": 8.1,
        "Book Price": 21.7
      }
    },
    {
      "quarter": "Q1 2015",
      "income status": {
        "Net sales": 15532004,
        "Cost of goods sold": 11482936,
        "Gross Profit": 4049068,
        "Financial expenses": 354639,
        "Of which: Interest expense": 66561,
        "Cost of sales": 418922,
        "Enterprise cost management": 208069,
        "Total Operating Expenses": 981630,
        "Total revenue financing activities": 276628,
        "Net profit from business activities": 3344697,
        "Profit": 26374,
        "Profit before tax": 3371071,
        "Present corporate income tax expenses": 714536,
        "Deferred income taxes expenses": -3488,
        "The interests of minority shareholders": 76741,
        "Total Cost of profits": 787789,
        "Profit after tax corporate income": 2583282,
        "Volume": 1895000000,
        "Close of Quarter": 57.9,
        "EPS": 7078.2,
        "Non-adjusted EPS": 7149,
        "PE": 8.1,
        "Book Price": 21.1
      }
    },
    {
      "quarter": "Q4 2014",
      "income status": {
        "Net sales": 19013743,
        "Cost of goods sold": 12384697,
        "Gross Profit": 6629045,
        "Financial expenses": 132007,
        "Of which: Interest expense": 60019,
        "Cost of sales": 387567,
        "Enterprise cost management": 318695,
        "Total Operating Expenses": 838269,
        "Total revenue financing activities": 283618,
        "Net profit from business activities": 6074226,
        "Profit": 1014,
        "Profit before tax": 6075240,
        "Present corporate income tax expenses": 1294134,
        "Deferred income taxes expenses": -16669,
        "The interests of minority shareholders": 14210,
        "Total Cost of profits": 1291675,
        "Profit after tax corporate income": 4783565,
        "Volume": 1895000000,
        "Close of Quarter": 61.8,
        "EPS": 7378.2,
        "Non-adjusted EPS": 7452,
        "PE": 8.3,
        "Book Price": 19.7
      }
    },
    {
      "quarter": "Q3 2014",
      "income status": {
        "Net sales": 19605541,
        "Cost of goods sold": 15360612,
        "Gross Profit": 4244929,
        "Financial expenses": 111143,
        "Of which: Interest expense": 101963,
        "Cost of sales": 353428,
        "Enterprise cost management": 236680,
        "Total Operating Expenses": 701251,
        "Total revenue financing activities": 274943,
        "Net profit from business activities": 3819718,
        "Profit": -201,
        "Profit before tax": 3819518,
        "Present corporate income tax expenses": 775178,
        "Deferred income taxes expenses": "N/A",
        "The interests of minority shareholders": 93819,
        "Total Cost of profits": 868997,
        "Profit after tax corporate income": 2950520,
        "Volume": 1895000000,
        "Close of Quarter": 90.6,
        "EPS": 6025.7,
        "Non-adjusted EPS": 6086,
        "PE": 14.9,
        "Book Price": 19.4
      }
    },
    {
      "quarter": "Q2 2014",
      "income status": {
        "Net sales": 18703390,
        "Cost of goods sold": 13995199,
        "Gross Profit": 4708191,
        "Financial expenses": 154846,
        "Of which: Interest expense": 96954,
        "Cost of sales": 364264,
        "Enterprise cost management": 397734,
        "Total Operating Expenses": 916844,
        "Total revenue financing activities": 314658,
        "Net profit from business activities": 4106852,
        "Profit": -12496,
        "Profit before tax": 4094357,
        "Present corporate income tax expenses": 779951,
        "Deferred income taxes expenses": -14102,
        "The interests of minority shareholders": 98126,
        "Total Cost of profits": 863975,
        "Profit after tax corporate income": 3230382,
        "Volume": 1895000000,
        "Close of Quarter": 94.4,
        "EPS": 6045.5,
        "Non-adjusted EPS": 6106,
        "PE": 15.5,
        "Book Price": 19.3
      }
    },
    {
      "quarter": "Q1 2014",
      "income status": {
        "Net sales": 16063991,
        "Cost of goods sold": 11507660,
        "Gross Profit": 4556330,
        "Financial expenses": 120694,
        "Of which: Interest expense": 107778,
        "Cost of sales": 311808,
        "Enterprise cost management": 430622,
        "Total Operating Expenses": 863124,
        "Total revenue financing activities": 296933,
        "Net profit from business activities": 3991894,
        "Profit": 4889,
        "Profit before tax": 3996783,
        "Present corporate income tax expenses": 801069,
        "Deferred income taxes expenses": 394,
        "The interests of minority shareholders": 38864,
        "Total Cost of profits": 840327,
        "Profit after tax corporate income": 3156456,
        "Volume": 1895000000,
        "Close of Quarter": 68.8,
        "EPS": 5877.2,
        "Non-adjusted EPS": 5936,
        "PE": 11.6,
        "Book Price": 19.4
      }
    },
    {
      "quarter": "Q4 2013",
      "income status": {
        "Net sales": 16575795,
        "Cost of goods sold": 12751704,
        "Gross Profit": 3824092,
        "Financial expenses": 169624,
        "Of which: Interest expense": 105542,
        "Cost of sales": 306364,
        "Enterprise cost management": 803440,
        "Total Operating Expenses": 1279428,
        "Total revenue financing activities": 317043,
        "Net profit from business activities": 2861706,
        "Profit": -4368,
        "Profit before tax": 2858222,
        "Present corporate income tax expenses": 614014,
        "Deferred income taxes expenses": -394,
        "The interests of minority shareholders": 49917,
        "Total Cost of profits": 663537,
        "Profit after tax corporate income": 2194685,
        "Volume": 1895000000,
        "Close of Quarter": 54.8,
        "EPS": 6470.3,
        "Non-adjusted EPS": 6535,
        "PE": 8.4,
        "Book Price": 17.5
      }
    },
    {
      "quarter": "Q3 2013",
      "income status": {
        "Net sales": 17066936,
        "Cost of goods sold": 12739833,
        "Gross Profit": 4327103,
        "Financial expenses": 147880,
        "Of which: Interest expense": 105405,
        "Cost of sales": 325870,
        "Enterprise cost management": 439330,
        "Total Operating Expenses": 913080,
        "Total revenue financing activities": 338101,
        "Net profit from business activities": 3752123,
        "Profit": -11484,
        "Profit before tax": 3742014,
        "Present corporate income tax expenses": 669335,
        "Deferred income taxes expenses": "N/A",
        "The interests of minority shareholders": 83649,
        "Total Cost of profits": 752984,
        "Profit after tax corporate income": 2989030,
        "Volume": 1895000000,
        "Close of Quarter": 54.4,
        "EPS": 6629.7,
        "Non-adjusted EPS": 6696,
        "PE": 8.1,
        "Book Price": 17.4
      }
    },
    {
      "quarter": "Q2 2013",
      "income status": {
        "Net sales": 15750244,
        "Cost of goods sold": 11397817,
        "Gross Profit": 4352427,
        "Financial expenses": 207021,
        "Of which: Interest expense": 119982,
        "Cost of sales": 298951,
        "Enterprise cost management": 468886,
        "Total Operating Expenses": 974858,
        "Total revenue financing activities": 304160,
        "Net profit from business activities": 3681729,
        "Profit": 16617,
        "Profit before tax": 3700239,
        "Present corporate income tax expenses": 697772,
        "Deferred income taxes expenses": -1685,
        "The interests of minority shareholders": 95544,
        "Total Cost of profits": 791631,
        "Profit after tax corporate income": 2908608,
        "Volume": 1895000000,
        "Close of Quarter": 46.4,
        "EPS": 6365.4,
        "Non-adjusted EPS": 6429,
        "PE": 7.2,
        "Book Price": 16.9
      }
    },
    {
      "quarter": "Q1 2013",
      "income status": {
        "Net sales": 16052052,
        "Cost of goods sold": 11199496,
        "Gross Profit": 4852555,
        "Financial expenses": 132770,
        "Of which: Interest expense": 89773,
        "Cost of sales": 331784,
        "Enterprise cost management": 394234,
        "Total Operating Expenses": 858788,
        "Total revenue financing activities": 263043,
        "Net profit from business activities": 4256810,
        "Profit": 1125688,
        "Profit before tax": 5382859,
        "Present corporate income tax expenses": 1007870,
        "Deferred income taxes expenses": 101,
        "The interests of minority shareholders": 82552,
        "Total Cost of profits": 1090523,
        "Profit after tax corporate income": 4292336,
        "Volume": 1895000000,
        "Close of Quarter": 42,
        "EPS": 6080.2,
        "Non-adjusted EPS": 6141,
        "PE": 6.8,
        "Book Price": 16.4
      }
    },
    {
      "quarter": "Q4 2012",
      "income status": {
        "Net sales": 15142009,
        "Cost of goods sold": 11165261,
        "Gross Profit": 3976748,
        "Financial expenses": 156422,
        "Of which: Interest expense": 96540,
        "Cost of sales": 388417,
        "Enterprise cost management": 629617,
        "Total Operating Expenses": 1174456,
        "Total revenue financing activities": 274895,
        "Net profit from business activities": 3077186,
        "Profit": 12032,
        "Profit before tax": 3090209,
        "Present corporate income tax expenses": 498674,
        "Deferred income taxes expenses": "N/A",
        "The interests of minority shareholders": 92307,
        "Total Cost of profits": 590981,
        "Profit after tax corporate income": 2499227,
        "Volume": 1895000000,
        "Close of Quarter": 30.3,
        "EPS": 5042.6,
        "Non-adjusted EPS": 5093,
        "PE": 6.0,
        "Book Price": 14.2
      }
    },
    {
      "quarter": "Q3 2012",
      "income status": {
        "Net sales": 16362384,
        "Cost of goods sold": 12587616,
        "Gross Profit": 3774768,
        "Financial expenses": 145765,
        "Of which: Interest expense": 124601,
        "Cost of sales": 313687,
        "Enterprise cost management": 398118,
        "Total Operating Expenses": 857570,
        "Total revenue financing activities": 252815,
        "Net profit from business activities": 3170014,
        "Profit": 5464,
        "Profit before tax": 3177528,
        "Present corporate income tax expenses": 596232,
        "Deferred income taxes expenses": 2456,
        "The interests of minority shareholders": 95586,
        "Total Cost of profits": 694274,
        "Profit after tax corporate income": 2483254,
        "Volume": 1895000000,
        "Close of Quarter": 30.7,
        "EPS": 4459.4,
        "Non-adjusted EPS": 4504,
        "PE": 6.8,
        "Book Price": 13.8
      }
    },
    {
      "quarter": "Q2 2012",
      "income status": {
        "Net sales": 18224700,
        "Cost of goods sold": 14582678,
        "Gross Profit": 3642023,
        "Financial expenses": 84062,
        "Of which: Interest expense": 65015,
        "Cost of sales": 313020,
        "Enterprise cost management": 503946,
        "Total Operating Expenses": 901028,
        "Total revenue financing activities": 358822,
        "Net profit from business activities": 3099816,
        "Profit": 30144,
        "Profit before tax": 3129168,
        "Present corporate income tax expenses": 597277,
        "Deferred income taxes expenses": -2456,
        "The interests of minority shareholders": 171560,
        "Total Cost of profits": 766381,
        "Profit after tax corporate income": 2362787,
        "Volume": 1895000000,
        "Close of Quarter": 28.7,
        "EPS": 3161.4,
        "Non-adjusted EPS": 3193,
        "PE": 9.0,
        "Book Price": 13.5
      }
    },
    {
      "quarter": "Q1 2012",
      "income status": {
        "Net sales": 18447361,
        "Cost of goods sold": 14884420,
        "Gross Profit": 3562941,
        "Financial expenses": 173026,
        "Of which: Interest expense": 148533,
        "Cost of sales": 311593,
        "Enterprise cost management": 395550,
        "Total Operating Expenses": 880169,
        "Total revenue financing activities": 258622,
        "Net profit from business activities": 2941394,
        "Profit": 6425,
        "Profit before tax": 2946404,
        "Present corporate income tax expenses": 552654,
        "Deferred income taxes expenses": "N/A",
        "The interests of minority shareholders": 86930,
        "Total Cost of profits": 639584,
        "Profit after tax corporate income": 2306819,
        "Volume": 1895000000,
        "Close of Quarter": "N/A",
        "EPS": 1926.7,
        "Non-adjusted EPS": 1946,
        "PE": "N/A",
        "Book Price": 13.5
      }
    },
    {
      "quarter": "Q4 2011",
      "income status": {
        "Net sales": 15249532,
        "Cost of goods sold": 12699850,
        "Gross Profit": 2549682,
        "Financial expenses": 488509,
        "Of which: Interest expense": 405316,
        "Cost of sales": 319669,
        "Enterprise cost management": 554348,
        "Total Operating Expenses": 1362526,
        "Total revenue financing activities": 223850,
        "Net profit from business activities": 1411006,
        "Profit": 238345,
        "Profit before tax": 1651283,
        "Present corporate income tax expenses": 280677,
        "Deferred income taxes expenses": "N/A",
        "The interests of minority shareholders": -10984,
        "Total Cost of profits": 269693,
        "Profit after tax corporate income": 1381591,
        "Volume": 1895000000,
        "Close of Quarter": "N/A",
        "EPS": 721.8,
        "Non-adjusted EPS": 729,
        "PE": "N/A",
        "Book Price": 12.3
      }
    }
  ]
}