{
  "ticker": "HDA",
  "data": [
    {
      "quarter": "Q1 2017",
      "income status": {
        "Net sales": 36034,
        "Cost of goods sold": 21507,
        "Gross Profit": 14527,
        "Financial expenses": 231,
        "Of which: Interest expense": 231,
        "Cost of sales": 9658,
        "Enterprise cost management": 2656,
        "Total Operating Expenses": 12545,
        "Total revenue financing activities": 14,
        "Net profit from business activities": 1996,
        "Profit": 150,
        "Profit before tax": 2146,
        "Present corporate income tax expenses": 675,
        "Deferred income taxes expenses": "N/A",
        "The interests of minority shareholders": -89,
        "Total Cost of profits": 586,
        "Profit after tax corporate income": 1560,
        "Volume": 11500000,
        "Close of Quarter": 11.3,
        "EPS": 1341,
        "Non-adjusted EPS": 1341,
        "PE": 8.4,
        "Book Price": 12.8
      }
    },
    {
      "quarter": "Q4 2016",
      "income status": {
        "Net sales": 60021,
        "Cost of goods sold": 38129,
        "Gross Profit": 21892,
        "Financial expenses": 798,
        "Of which: Interest expense": 798,
        "Cost of sales": 11345,
        "Enterprise cost management": 2856,
        "Total Operating Expenses": 14999,
        "Total revenue financing activities": 112,
        "Net profit from business activities": 7006,
        "Profit": 491,
        "Profit before tax": 7496,
        "Present corporate income tax expenses": 1499,
        "Deferred income taxes expenses": "N/A",
        "The interests of minority shareholders": "N/A",
        "Total Cost of profits": 1499,
        "Profit after tax corporate income": 5997,
        "Volume": 11500000,
        "Close of Quarter": 12.3,
        "EPS": 1470,
        "Non-adjusted EPS": 1470,
        "PE": 8.4,
        "Book Price": 12.6
      }
    },
    {
      "quarter": "Q3 2016",
      "income status": {
        "Net sales": 41579,
        "Cost of goods sold": 23450,
        "Gross Profit": 18129,
        "Financial expenses": 657,
        "Of which: Interest expense": 657,
        "Cost of sales": 9993,
        "Enterprise cost management": 3577,
        "Total Operating Expenses": 14227,
        "Total revenue financing activities": 4,
        "Net profit from business activities": 3906,
        "Profit": -8,
        "Profit before tax": 3899,
        "Present corporate income tax expenses": 784,
        "Deferred income taxes expenses": "N/A",
        "The interests of minority shareholders": "N/A",
        "Total Cost of profits": 784,
        "Profit after tax corporate income": 3114,
        "Volume": 11500000,
        "Close of Quarter": 15.3,
        "EPS": 1421,
        "Non-adjusted EPS": 1421,
        "PE": 10.8,
        "Book Price": 11.9
      }
    },
    {
      "quarter": "Q2 2016",
      "income status": {
        "Net sales": 37622,
        "Cost of goods sold": 21330,
        "Gross Profit": 16291,
        "Financial expenses": 309,
        "Of which: Interest expense": -390,
        "Cost of sales": 8023,
        "Enterprise cost management": 2740,
        "Total Operating Expenses": 11072,
        "Total revenue financing activities": 23,
        "Net profit from business activities": 5242,
        "Profit": 701,
        "Profit before tax": 5943,
        "Present corporate income tax expenses": 1192,
        "Deferred income taxes expenses": "N/A",
        "The interests of minority shareholders": "N/A",
        "Total Cost of profits": 1192,
        "Profit after tax corporate income": 4752,
        "Volume": 11500000,
        "Close of Quarter": 19.3,
        "EPS": 1625,
        "Non-adjusted EPS": 1625,
        "PE": 11.9,
        "Book Price": 11.6
      }
    },
    {
      "quarter": "Q1 2016",
      "income status": {
        "Net sales": 35625,
        "Cost of goods sold": 20597,
        "Gross Profit": 15028,
        "Financial expenses": 390,
        "Of which: Interest expense": 390,
        "Cost of sales": 8621,
        "Enterprise cost management": 2218,
        "Total Operating Expenses": 11229,
        "Total revenue financing activities": 8,
        "Net profit from business activities": 3807,
        "Profit": "N/A",
        "Profit before tax": 3808,
        "Present corporate income tax expenses": 762,
        "Deferred income taxes expenses": "N/A",
        "The interests of minority shareholders": "N/A",
        "Total Cost of profits": 762,
        "Profit after tax corporate income": 3046,
        "Volume": 11500000,
        "Close of Quarter": 12.5,
        "EPS": 1344,
        "Non-adjusted EPS": 1344,
        "PE": 9.3,
        "Book Price": 12.1
      }
    },
    {
      "quarter": "Q4 2015",
      "income status": {
        "Net sales": 52114,
        "Cost of goods sold": 33211,
        "Gross Profit": 18903,
        "Financial expenses": 493,
        "Of which: Interest expense": 493,
        "Cost of sales": 8977,
        "Enterprise cost management": 2224,
        "Total Operating Expenses": 11694,
        "Total revenue financing activities": 7,
        "Net profit from business activities": 7216,
        "Profit": -264,
        "Profit before tax": 6952,
        "Present corporate income tax expenses": 1522,
        "Deferred income taxes expenses": "N/A",
        "The interests of minority shareholders": "N/A",
        "Total Cost of profits": 1522,
        "Profit after tax corporate income": 5430,
        "Volume": 11500000,
        "Close of Quarter": 7.7,
        "EPS": 1087,
        "Non-adjusted EPS": 1087,
        "PE": 7.1,
        "Book Price": 11.8
      }
    },
    {
      "quarter": "Q3 2015",
      "income status": {
        "Net sales": 38081,
        "Cost of goods sold": 20870,
        "Gross Profit": 17211,
        "Financial expenses": 535,
        "Of which: Interest expense": 535,
        "Cost of sales": 7363,
        "Enterprise cost management": 2615,
        "Total Operating Expenses": 10513,
        "Total revenue financing activities": 16,
        "Net profit from business activities": 6714,
        "Profit": 284,
        "Profit before tax": 6998,
        "Present corporate income tax expenses": 1539,
        "Deferred income taxes expenses": "N/A",
        "The interests of minority shareholders": "N/A",
        "Total Cost of profits": 1539,
        "Profit after tax corporate income": 5458,
        "Volume": 11500000,
        "Close of Quarter": 13.7,
        "EPS": 1201,
        "Non-adjusted EPS": 1201,
        "PE": 11.4,
        "Book Price": 11.4
      }
    },
    {
      "quarter": "Q2 2015",
      "income status": {
        "Net sales": 34606,
        "Cost of goods sold": 20653,
        "Gross Profit": 13953,
        "Financial expenses": 514,
        "Of which: Interest expense": 514,
        "Cost of sales": 8968,
        "Enterprise cost management": 2308,
        "Total Operating Expenses": 11790,
        "Total revenue financing activities": 9,
        "Net profit from business activities": 2172,
        "Profit": -226,
        "Profit before tax": 1946,
        "Present corporate income tax expenses": 428,
        "Deferred income taxes expenses": "N/A",
        "The interests of minority shareholders": "N/A",
        "Total Cost of profits": 428,
        "Profit after tax corporate income": 1518,
        "Volume": 11500000,
        "Close of Quarter": 11.6,
        "EPS": 1067,
        "Non-adjusted EPS": 1067,
        "PE": 10.9,
        "Book Price": 10.9
      }
    },
    {
      "quarter": "Q1 2015",
      "income status": {
        "Net sales": 26056,
        "Cost of goods sold": 15849,
        "Gross Profit": 10208,
        "Financial expenses": 365,
        "Of which: Interest expense": 365,
        "Cost of sales": 7989,
        "Enterprise cost management": 2011,
        "Total Operating Expenses": 10365,
        "Total revenue financing activities": 5,
        "Net profit from business activities": -153,
        "Profit": 276,
        "Profit before tax": 123,
        "Present corporate income tax expenses": 27,
        "Deferred income taxes expenses": "N/A",
        "The interests of minority shareholders": "N/A",
        "Total Cost of profits": 27,
        "Profit after tax corporate income": 96,
        "Volume": 2970000,
        "Close of Quarter": 9.5,
        "EPS": 981.4,
        "Non-adjusted EPS": 3800,
        "PE": 2.5,
        "Book Price": 3.7
      }
    },
    {
      "quarter": "Q4 2014",
      "income status": {
        "Net sales": 51176,
        "Cost of goods sold": 31365,
        "Gross Profit": 19811,
        "Financial expenses": 518,
        "Of which: Interest expense": 518,
        "Cost of sales": 7857,
        "Enterprise cost management": 2815,
        "Total Operating Expenses": 11190,
        "Total revenue financing activities": 1,
        "Net profit from business activities": 8623,
        "Profit": 13,
        "Profit before tax": 8636,
        "Present corporate income tax expenses": 1900,
        "Deferred income taxes expenses": "N/A",
        "The interests of minority shareholders": "N/A",
        "Total Cost of profits": 1900,
        "Profit after tax corporate income": 6736,
        "Volume": 2970000,
        "Close of Quarter": 7.0,
        "EPS": 634.3,
        "Non-adjusted EPS": 2456,
        "PE": 2.9,
        "Book Price": 3.7
      }
    },
    {
      "quarter": "Q3 2014",
      "income status": {
        "Net sales": 34237,
        "Cost of goods sold": 19733,
        "Gross Profit": 14504,
        "Financial expenses": 675,
        "Of which: Interest expense": 675,
        "Cost of sales": 7228,
        "Enterprise cost management": 2551,
        "Total Operating Expenses": 10454,
        "Total revenue financing activities": 2,
        "Net profit from business activities": 4053,
        "Profit": 25,
        "Profit before tax": 4077,
        "Present corporate income tax expenses": 157,
        "Deferred income taxes expenses": "N/A",
        "The interests of minority shareholders": "N/A",
        "Total Cost of profits": 157,
        "Profit after tax corporate income": 3920,
        "Volume": 2970000,
        "Close of Quarter": 9.2,
        "EPS": 478.6,
        "Non-adjusted EPS": 1853,
        "PE": 5.0,
        "Book Price": 3.1
      }
    },
    {
      "quarter": "Q2 2014",
      "income status": {
        "Net sales": 25952,
        "Cost of goods sold": 15249,
        "Gross Profit": 10703,
        "Financial expenses": 526,
        "Of which: Interest expense": 526,
        "Cost of sales": 7487,
        "Enterprise cost management": 2097,
        "Total Operating Expenses": 10110,
        "Total revenue financing activities": 1,
        "Net profit from business activities": 594,
        "Profit": -58,
        "Profit before tax": 535,
        "Present corporate income tax expenses": "N/A",
        "Deferred income taxes expenses": "N/A",
        "The interests of minority shareholders": "N/A",
        "Total Cost of profits": 0,
        "Profit after tax corporate income": 535,
        "Volume": 2970000,
        "Close of Quarter": 7.9,
        "EPS": 229.1,
        "Non-adjusted EPS": 887,
        "PE": 8.9,
        "Book Price": 2.8
      }
    },
    {
      "quarter": "Q1 2014",
      "income status": {
        "Net sales": 18393,
        "Cost of goods sold": 12091,
        "Gross Profit": 6302,
        "Financial expenses": 427,
        "Of which: Interest expense": 427,
        "Cost of sales": 7763,
        "Enterprise cost management": 2115,
        "Total Operating Expenses": 10305,
        "Total revenue financing activities": 10,
        "Net profit from business activities": -3993,
        "Profit": 96,
        "Profit before tax": -3897,
        "Present corporate income tax expenses": "N/A",
        "Deferred income taxes expenses": "N/A",
        "The interests of minority shareholders": "N/A",
        "Total Cost of profits": 0,
        "Profit after tax corporate income": -3897,
        "Volume": 2200000,
        "Close of Quarter": 9.0,
        "EPS": 341.1,
        "Non-adjusted EPS": 1783,
        "PE": 5.0,
        "Book Price": 3.1
      }
    },
    {
      "quarter": "Q4 2013",
      "income status": {
        "Net sales": 43127,
        "Cost of goods sold": 24896,
        "Gross Profit": 18231,
        "Financial expenses": 530,
        "Of which: Interest expense": 530,
        "Cost of sales": 8200,
        "Enterprise cost management": 2859,
        "Total Operating Expenses": 11589,
        "Total revenue financing activities": 9,
        "Net profit from business activities": 6650,
        "Profit": -57,
        "Profit before tax": 6593,
        "Present corporate income tax expenses": 1648,
        "Deferred income taxes expenses": "N/A",
        "The interests of minority shareholders": "N/A",
        "Total Cost of profits": 1648,
        "Profit after tax corporate income": 4945,
        "Volume": 2200000,
        "Close of Quarter": 5.3,
        "EPS": 720.3,
        "Non-adjusted EPS": 3765,
        "PE": 1.4,
        "Book Price": 3.5
      }
    },
    {
      "quarter": "Q3 2013",
      "income status": {
        "Net sales": 24709,
        "Cost of goods sold": 14793,
        "Gross Profit": 9916,
        "Financial expenses": 561,
        "Of which: Interest expense": 561,
        "Cost of sales": 5577,
        "Enterprise cost management": 2385,
        "Total Operating Expenses": 8523,
        "Total revenue financing activities": 4,
        "Net profit from business activities": 1397,
        "Profit": 5,
        "Profit before tax": 1402,
        "Present corporate income tax expenses": 350,
        "Deferred income taxes expenses": "N/A",
        "The interests of minority shareholders": "N/A",
        "Total Cost of profits": 350,
        "Profit after tax corporate income": 1051,
        "Volume": 2200000,
        "Close of Quarter": 4.4,
        "EPS": 352.2,
        "Non-adjusted EPS": 1841,
        "PE": 2.4,
        "Book Price": 2.5
      }
    },
    {
      "quarter": "Q2 2013",
      "income status": {
        "Net sales": 24151,
        "Cost of goods sold": 14259,
        "Gross Profit": 9892,
        "Financial expenses": 625,
        "Of which: Interest expense": 625,
        "Cost of sales": 4836,
        "Enterprise cost management": 2090,
        "Total Operating Expenses": 7551,
        "Total revenue financing activities": 22,
        "Net profit from business activities": 2364,
        "Profit": 67,
        "Profit before tax": 2430,
        "Present corporate income tax expenses": 608,
        "Deferred income taxes expenses": "N/A",
        "The interests of minority shareholders": "N/A",
        "Total Cost of profits": 608,
        "Profit after tax corporate income": 1823,
        "Volume": 2200000,
        "Close of Quarter": 3.8,
        "EPS": 340.5,
        "Non-adjusted EPS": 1780,
        "PE": 2.1,
        "Book Price": 2.4
      }
    },
    {
      "quarter": "Q1 2013",
      "income status": {
        "Net sales": 21972,
        "Cost of goods sold": 13684,
        "Gross Profit": 8288,
        "Financial expenses": 459,
        "Of which: Interest expense": 459,
        "Cost of sales": 5510,
        "Enterprise cost management": 1724,
        "Total Operating Expenses": 7693,
        "Total revenue financing activities": 3,
        "Net profit from business activities": 598,
        "Profit": 22,
        "Profit before tax": 621,
        "Present corporate income tax expenses": 155,
        "Deferred income taxes expenses": "N/A",
        "The interests of minority shareholders": "N/A",
        "Total Cost of profits": 155,
        "Profit after tax corporate income": 465,
        "Volume": 2200000,
        "Close of Quarter": 4.7,
        "EPS": 548.3,
        "Non-adjusted EPS": 2866,
        "PE": 1.7,
        "Book Price": 2.5
      }
    },
    {
      "quarter": "Q4 2012",
      "income status": {
        "Net sales": 35483,
        "Cost of goods sold": 22050,
        "Gross Profit": 13433,
        "Financial expenses": 563,
        "Of which: Interest expense": 560,
        "Cost of sales": 9348,
        "Enterprise cost management": 2779,
        "Total Operating Expenses": 12690,
        "Total revenue financing activities": 3,
        "Net profit from business activities": 745,
        "Profit": 33,
        "Profit before tax": 779,
        "Present corporate income tax expenses": 68,
        "Deferred income taxes expenses": "N/A",
        "The interests of minority shareholders": "N/A",
        "Total Cost of profits": 68,
        "Profit after tax corporate income": 711,
        "Volume": 2200000,
        "Close of Quarter": 4.1,
        "EPS": 335.9,
        "Non-adjusted EPS": 1756,
        "PE": 2.4,
        "Book Price": 2.5
      }
    },
    {
      "quarter": "Q3 2012",
      "income status": {
        "Net sales": 21594,
        "Cost of goods sold": 13020,
        "Gross Profit": 8574,
        "Financial expenses": 742,
        "Of which: Interest expense": 732,
        "Cost of sales": 4702,
        "Enterprise cost management": 2014,
        "Total Operating Expenses": 7458,
        "Total revenue financing activities": 10,
        "Net profit from business activities": 1126,
        "Profit": -15,
        "Profit before tax": 1112,
        "Present corporate income tax expenses": 195,
        "Deferred income taxes expenses": "N/A",
        "The interests of minority shareholders": "N/A",
        "Total Cost of profits": 195,
        "Profit after tax corporate income": 917,
        "Volume": 2200000,
        "Close of Quarter": 4.1,
        "EPS": 378.4,
        "Non-adjusted EPS": 1978,
        "PE": 2.1,
        "Book Price": 2.5
      }
    },
    {
      "quarter": "Q2 2012",
      "income status": {
        "Net sales": 25702,
        "Cost of goods sold": 16065,
        "Gross Profit": 9637,
        "Financial expenses": 928,
        "Of which: Interest expense": 919,
        "Cost of sales": 2229,
        "Enterprise cost management": 2391,
        "Total Operating Expenses": 5548,
        "Total revenue financing activities": 2,
        "Net profit from business activities": 4091,
        "Profit": 442,
        "Profit before tax": 4532,
        "Present corporate income tax expenses": 319,
        "Deferred income taxes expenses": "N/A",
        "The interests of minority shareholders": "N/A",
        "Total Cost of profits": 319,
        "Profit after tax corporate income": 4213,
        "Volume": 2200000,
        "Close of Quarter": 3.9,
        "EPS": 394.3,
        "Non-adjusted EPS": 2061,
        "PE": 1.9,
        "Book Price": 2.4
      }
    },
    {
      "quarter": "Q1 2012",
      "income status": {
        "Net sales": 13117,
        "Cost of goods sold": 8470,
        "Gross Profit": 4647,
        "Financial expenses": 883,
        "Of which: Interest expense": 851,
        "Cost of sales": 4552,
        "Enterprise cost management": 1260,
        "Total Operating Expenses": 6695,
        "Total revenue financing activities": 32,
        "Net profit from business activities": -2017,
        "Profit": 40,
        "Profit before tax": -1978,
        "Present corporate income tax expenses": "N/A",
        "Deferred income taxes expenses": "N/A",
        "The interests of minority shareholders": "N/A",
        "Total Cost of profits": 0,
        "Profit after tax corporate income": -1978,
        "Volume": 2200000,
        "Close of Quarter": 4.0,
        "EPS": 293.3,
        "Non-adjusted EPS": 1533,
        "PE": 2.6,
        "Book Price": 2.4
      }
    },
    {
      "quarter": "Q4 2011",
      "income status": {
        "Net sales": 32330,
        "Cost of goods sold": 19982,
        "Gross Profit": 12348,
        "Financial expenses": 888,
        "Of which: Interest expense": 856,
        "Cost of sales": 7085,
        "Enterprise cost management": 3276,
        "Total Operating Expenses": 11249,
        "Total revenue financing activities": 4,
        "Net profit from business activities": 1103,
        "Profit": 14,
        "Profit before tax": 1117,
        "Present corporate income tax expenses": -81,
        "Deferred income taxes expenses": "N/A",
        "The interests of minority shareholders": "N/A",
        "Total Cost of profits": -81,
        "Profit after tax corporate income": 1199,
        "Volume": 2200000,
        "Close of Quarter": 3.0,
        "EPS": 492.8,
        "Non-adjusted EPS": 2576,
        "PE": 1.2,
        "Book Price": 2.6
      }
    },
    {
      "quarter": "Q3 2011",
      "income status": {
        "Net sales": 20316,
        "Cost of goods sold": 12802,
        "Gross Profit": 7514,
        "Financial expenses": 788,
        "Of which: Interest expense": 756,
        "Cost of sales": 3908,
        "Enterprise cost management": 1587,
        "Total Operating Expenses": 6283,
        "Total revenue financing activities": 22,
        "Net profit from business activities": 1253,
        "Profit": 5,
        "Profit before tax": 1257,
        "Present corporate income tax expenses": 157,
        "Deferred income taxes expenses": "N/A",
        "The interests of minority shareholders": "N/A",
        "Total Cost of profits": 157,
        "Profit after tax corporate income": 1100,
        "Volume": 2200000,
        "Close of Quarter": 5.9,
        "EPS": 664.2,
        "Non-adjusted EPS": 3472,
        "PE": 1.7,
        "Book Price": 2.5
      }
    },
    {
      "quarter": "Q2 2011",
      "income status": {
        "Net sales": 22628,
        "Cost of goods sold": 15038,
        "Gross Profit": 7590,
        "Financial expenses": 473,
        "Of which: Interest expense": 473,
        "Cost of sales": 1875,
        "Enterprise cost management": 1757,
        "Total Operating Expenses": 4105,
        "Total revenue financing activities": 5,
        "Net profit from business activities": 3490,
        "Profit": -1,
        "Profit before tax": 3488,
        "Present corporate income tax expenses": 436,
        "Deferred income taxes expenses": "N/A",
        "The interests of minority shareholders": "N/A",
        "Total Cost of profits": 436,
        "Profit after tax corporate income": 3052,
        "Volume": 2200000,
        "Close of Quarter": 6.8,
        "EPS": 636.9,
        "Non-adjusted EPS": 3329,
        "PE": 2.0,
        "Book Price": 2.8
      }
    },
    {
      "quarter": "Q1 2011",
      "income status": {
        "Net sales": 17113,
        "Cost of goods sold": 10482,
        "Gross Profit": 6631,
        "Financial expenses": 323,
        "Of which: Interest expense": 323,
        "Cost of sales": 4374,
        "Enterprise cost management": 1651,
        "Total Operating Expenses": 6348,
        "Total revenue financing activities": 26,
        "Net profit from business activities": 308,
        "Profit": 8,
        "Profit before tax": 316,
        "Present corporate income tax expenses": "N/A",
        "Deferred income taxes expenses": "N/A",
        "The interests of minority shareholders": "N/A",
        "Total Cost of profits": 0,
        "Profit after tax corporate income": 316,
        "Volume": 2200000,
        "Close of Quarter": 8.2,
        "EPS": 528.6,
        "Non-adjusted EPS": 2763,
        "PE": 3.0,
        "Book Price": 2.5
      }
    },
    {
      "quarter": "Q4 2010",
      "income status": {
        "Net sales": 25792,
        "Cost of goods sold": 16117,
        "Gross Profit": 9675,
        "Financial expenses": 280,
        "Of which: Interest expense": 280,
        "Cost of sales": 4537,
        "Enterprise cost management": 1596,
        "Total Operating Expenses": 6413,
        "Total revenue financing activities": -29,
        "Net profit from business activities": 3233,
        "Profit": -63,
        "Profit before tax": 3170,
        "Present corporate income tax expenses": "N/A",
        "Deferred income taxes expenses": "N/A",
        "The interests of minority shareholders": "N/A",
        "Total Cost of profits": 0,
        "Profit after tax corporate income": 3170,
        "Volume": 2200000,
        "Close of Quarter": 9.5,
        "EPS": 707.3,
        "Non-adjusted EPS": 3697,
        "PE": 2.6,
        "Book Price": 2.6
      }
    },
    {
      "quarter": "Q3 2010",
      "income status": {
        "Net sales": 14907,
        "Cost of goods sold": 9820,
        "Gross Profit": 5088,
        "Financial expenses": 148,
        "Of which: Interest expense": 148,
        "Cost of sales": 3036,
        "Enterprise cost management": 1127,
        "Total Operating Expenses": 4311,
        "Total revenue financing activities": 8,
        "Net profit from business activities": 785,
        "Profit": 2,
        "Profit before tax": 786,
        "Present corporate income tax expenses": 2,
        "Deferred income taxes expenses": "N/A",
        "The interests of minority shareholders": "N/A",
        "Total Cost of profits": 2,
        "Profit after tax corporate income": 785,
        "Volume": 2200000,
        "Close of Quarter": "N/A",
        "EPS": 431.6,
        "Non-adjusted EPS": 2256,
        "PE": "N/A",
        "Book Price": "N/A"
      }
    },
    {
      "quarter": "Q2 2010",
      "income status": {
        "Net sales": 12074,
        "Cost of goods sold": "N/A",
        "Gross Profit": 4562,
        "Financial expenses": "N/A",
        "Of which: Interest expense": "N/A",
        "Cost of sales": "N/A",
        "Enterprise cost management": "N/A",
        "Total Operating Expenses": 0,
        "Total revenue financing activities": "N/A",
        "Net profit from business activities": "N/A",
        "Profit": "N/A",
        "Profit before tax": 1807,
        "Present corporate income tax expenses": "N/A",
        "Deferred income taxes expenses": "N/A",
        "The interests of minority shareholders": "N/A",
        "Total Cost of profits": 0,
        "Profit after tax corporate income": 1807,
        "Volume": 2200000,
        "Close of Quarter": "N/A",
        "EPS": 363.3,
        "Non-adjusted EPS": 1899,
        "PE": "N/A",
        "Book Price": 2.2
      }
    },
    {
      "quarter": "Q4 2009",
      "income status": {
        "Net sales": 13661,
        "Cost of goods sold": 9116,
        "Gross Profit": 4546,
        "Financial expenses": 58,
        "Of which: Interest expense": 58,
        "Cost of sales": 1228,
        "Enterprise cost management": 887,
        "Total Operating Expenses": 2173,
        "Total revenue financing activities": 4,
        "Net profit from business activities": 2376,
        "Profit": -5,
        "Profit before tax": 2371,
        "Present corporate income tax expenses": "N/A",
        "Deferred income taxes expenses": "N/A",
        "The interests of minority shareholders": "N/A",
        "Total Cost of profits": 0,
        "Profit after tax corporate income": 2371,
        "Volume": 2200000,
        "Close of Quarter": "N/A",
        "EPS": 206.2,
        "Non-adjusted EPS": 1078,
        "PE": "N/A",
        "Book Price": 1.3
      }
    }
  ]
}