{
  "ticker": "ATA",
  "data": [
    {
      "quarter": "Q1 2017",
      "income status": {
        "Net sales": 3338,
        "Cost of goods sold": 4411,
        "Gross Profit": -1073,
        "Financial expenses": "N/A",
        "Of which: Interest expense": "N/A",
        "Cost of sales": "N/A",
        "Enterprise cost management": 1844,
        "Total Operating Expenses": 1844,
        "Total revenue financing activities": 2,
        "Net profit from business activities": -2914,
        "Profit": -298,
        "Profit before tax": -3212,
        "Present corporate income tax expenses": "N/A",
        "Deferred income taxes expenses": "N/A",
        "The interests of minority shareholders": "N/A",
        "Total Cost of profits": 0,
        "Profit after tax corporate income": -3212,
        "Volume": 11999998,
        "Close of Quarter": 0.8,
        "EPS": 60,
        "Non-adjusted EPS": 60,
        "PE": 13.3,
        "Book Price": -25.2
      }
    },
    {
      "quarter": "Q4 2016",
      "income status": {
        "Net sales": 18043,
        "Cost of goods sold": 11908,
        "Gross Profit": 6135,
        "Financial expenses": "N/A",
        "Of which: Interest expense": "N/A",
        "Cost of sales": 41,
        "Enterprise cost management": 2531,
        "Total Operating Expenses": 2572,
        "Total revenue financing activities": "N/A",
        "Net profit from business activities": 3563,
        "Profit": 321,
        "Profit before tax": 3884,
        "Present corporate income tax expenses": "N/A",
        "Deferred income taxes expenses": "N/A",
        "The interests of minority shareholders": "N/A",
        "Total Cost of profits": 0,
        "Profit after tax corporate income": 3884,
        "Volume": 11999998,
        "Close of Quarter": 0.8,
        "EPS": 423,
        "Non-adjusted EPS": 423,
        "PE": 2.0,
        "Book Price": -24.8
      }
    },
    {
      "quarter": "Q3 2016",
      "income status": {
        "Net sales": 15264,
        "Cost of goods sold": 13781,
        "Gross Profit": 1483,
        "Financial expenses": "N/A",
        "Of which: Interest expense": "N/A",
        "Cost of sales": 8,
        "Enterprise cost management": 2453,
        "Total Operating Expenses": 2461,
        "Total revenue financing activities": 4,
        "Net profit from business activities": -974,
        "Profit": 312,
        "Profit before tax": -662,
        "Present corporate income tax expenses": "N/A",
        "Deferred income taxes expenses": "N/A",
        "The interests of minority shareholders": "N/A",
        "Total Cost of profits": 0,
        "Profit after tax corporate income": -662,
        "Volume": 11999998,
        "Close of Quarter": 0.9,
        "EPS": 284,
        "Non-adjusted EPS": 284,
        "PE": 3.3,
        "Book Price": -25.2
      }
    },
    {
      "quarter": "Q2 2016",
      "income status": {
        "Net sales": 16641,
        "Cost of goods sold": 14042,
        "Gross Profit": 2599,
        "Financial expenses": "N/A",
        "Of which: Interest expense": "N/A",
        "Cost of sales": 33,
        "Enterprise cost management": 2281,
        "Total Operating Expenses": 2314,
        "Total revenue financing activities": 1,
        "Net profit from business activities": 286,
        "Profit": 418,
        "Profit before tax": 704,
        "Present corporate income tax expenses": "N/A",
        "Deferred income taxes expenses": "N/A",
        "The interests of minority shareholders": "N/A",
        "Total Cost of profits": 0,
        "Profit after tax corporate income": 704,
        "Volume": 11999998,
        "Close of Quarter": 3.8,
        "EPS": 286,
        "Non-adjusted EPS": 286,
        "PE": 13.3,
        "Book Price": -25.1
      }
    },
    {
      "quarter": "Q1 2016",
      "income status": {
        "Net sales": 10813,
        "Cost of goods sold": 7851,
        "Gross Profit": 2962,
        "Financial expenses": "N/A",
        "Of which: Interest expense": "N/A",
        "Cost of sales": "N/A",
        "Enterprise cost management": 1971,
        "Total Operating Expenses": 1971,
        "Total revenue financing activities": 2,
        "Net profit from business activities": 993,
        "Profit": 161,
        "Profit before tax": 1153,
        "Present corporate income tax expenses": "N/A",
        "Deferred income taxes expenses": "N/A",
        "The interests of minority shareholders": "N/A",
        "Total Cost of profits": 0,
        "Profit after tax corporate income": 1153,
        "Volume": 11999998,
        "Close of Quarter": 3.8,
        "EPS": -3398,
        "Non-adjusted EPS": -3398,
        "PE": -1.1,
        "Book Price": 13.4
      }
    },
    {
      "quarter": "Q4 2015",
      "income status": {
        "Net sales": 15153,
        "Cost of goods sold": 10602,
        "Gross Profit": 4551,
        "Financial expenses": 1106,
        "Of which: Interest expense": 1106,
        "Cost of sales": 1,
        "Enterprise cost management": 1992,
        "Total Operating Expenses": 3099,
        "Total revenue financing activities": 758,
        "Net profit from business activities": 2210,
        "Profit": 1,
        "Profit before tax": 2211,
        "Present corporate income tax expenses": "N/A",
        "Deferred income taxes expenses": "N/A",
        "The interests of minority shareholders": "N/A",
        "Total Cost of profits": 0,
        "Profit after tax corporate income": 2211,
        "Volume": 11999998,
        "Close of Quarter": 2.9,
        "EPS": -4000,
        "Non-adjusted EPS": -4000,
        "PE": -0.7,
        "Book Price": 7.8
      }
    },
    {
      "quarter": "Q3 2015",
      "income status": {
        "Net sales": 20097,
        "Cost of goods sold": 21432,
        "Gross Profit": -1335,
        "Financial expenses": 78,
        "Of which: Interest expense": 39,
        "Cost of sales": 197,
        "Enterprise cost management": 2294,
        "Total Operating Expenses": 2569,
        "Total revenue financing activities": 1,
        "Net profit from business activities": -3904,
        "Profit": 3261,
        "Profit before tax": -642,
        "Present corporate income tax expenses": "N/A",
        "Deferred income taxes expenses": "N/A",
        "The interests of minority shareholders": "N/A",
        "Total Cost of profits": 0,
        "Profit after tax corporate income": -642,
        "Volume": 11999998,
        "Close of Quarter": 2.8,
        "EPS": -4177,
        "Non-adjusted EPS": -4177,
        "PE": -0.7,
        "Book Price": 7.6
      }
    },
    {
      "quarter": "Q2 2015",
      "income status": {
        "Net sales": 17617,
        "Cost of goods sold": 19959,
        "Gross Profit": -2342,
        "Financial expenses": 22902,
        "Of which: Interest expense": 22899,
        "Cost of sales": 200,
        "Enterprise cost management": 11561,
        "Total Operating Expenses": 34663,
        "Total revenue financing activities": 759,
        "Net profit from business activities": -36245,
        "Profit": -7253,
        "Profit before tax": -43499,
        "Present corporate income tax expenses": "N/A",
        "Deferred income taxes expenses": "N/A",
        "The interests of minority shareholders": "N/A",
        "Total Cost of profits": 0,
        "Profit after tax corporate income": -43499,
        "Volume": 11999998,
        "Close of Quarter": 3,
        "EPS": -4122,
        "Non-adjusted EPS": -4122,
        "PE": -0.7,
        "Book Price": 7.7
      }
    },
    {
      "quarter": "Q1 2015",
      "income status": {
        "Net sales": 30053,
        "Cost of goods sold": 33887,
        "Gross Profit": -3834,
        "Financial expenses": "N/A",
        "Of which: Interest expense": "N/A",
        "Cost of sales": 262,
        "Enterprise cost management": 2131,
        "Total Operating Expenses": 2393,
        "Total revenue financing activities": 2,
        "Net profit from business activities": -6225,
        "Profit": 155,
        "Profit before tax": -6070,
        "Present corporate income tax expenses": "N/A",
        "Deferred income taxes expenses": "N/A",
        "The interests of minority shareholders": "N/A",
        "Total Cost of profits": 0,
        "Profit after tax corporate income": -6070,
        "Volume": 11999998,
        "Close of Quarter": 2.7,
        "EPS": -499,
        "Non-adjusted EPS": -499,
        "PE": -5.4,
        "Book Price": 11.3
      }
    },
    {
      "quarter": "Q4 2014",
      "income status": {
        "Net sales": 62603,
        "Cost of goods sold": 31565,
        "Gross Profit": 31038,
        "Financial expenses": 31170,
        "Of which: Interest expense": 31153,
        "Cost of sales": 457,
        "Enterprise cost management": 2089,
        "Total Operating Expenses": 33716,
        "Total revenue financing activities": 3263,
        "Net profit from business activities": 584,
        "Profit": -476,
        "Profit before tax": 108,
        "Present corporate income tax expenses": 23,
        "Deferred income taxes expenses": "N/A",
        "The interests of minority shareholders": "N/A",
        "Total Cost of profits": 23,
        "Profit after tax corporate income": 85,
        "Volume": 11999998,
        "Close of Quarter": 4,
        "EPS": 16,
        "Non-adjusted EPS": 16,
        "PE": 250,
        "Book Price": 13
      }
    },
    {
      "quarter": "Q3 2014",
      "income status": {
        "Net sales": 67173,
        "Cost of goods sold": 64127,
        "Gross Profit": 3046,
        "Financial expenses": 203,
        "Of which: Interest expense": 203,
        "Cost of sales": 630,
        "Enterprise cost management": 2271,
        "Total Operating Expenses": 3104,
        "Total revenue financing activities": 6,
        "Net profit from business activities": -52,
        "Profit": 83,
        "Profit before tax": 31,
        "Present corporate income tax expenses": 7,
        "Deferred income taxes expenses": "N/A",
        "The interests of minority shareholders": "N/A",
        "Total Cost of profits": 7,
        "Profit after tax corporate income": 24,
        "Volume": 11999998,
        "Close of Quarter": 4.9,
        "EPS": 197,
        "Non-adjusted EPS": 197,
        "PE": 24.9,
        "Book Price": 13
      }
    },
    {
      "quarter": "Q2 2014",
      "income status": {
        "Net sales": 68858,
        "Cost of goods sold": 46600,
        "Gross Profit": 22259,
        "Financial expenses": 21697,
        "Of which: Interest expense": 21454,
        "Cost of sales": 234,
        "Enterprise cost management": 3359,
        "Total Operating Expenses": 25290,
        "Total revenue financing activities": 3403,
        "Net profit from business activities": 372,
        "Profit": -407,
        "Profit before tax": -35,
        "Present corporate income tax expenses": -3,
        "Deferred income taxes expenses": "N/A",
        "The interests of minority shareholders": "N/A",
        "Total Cost of profits": -3,
        "Profit after tax corporate income": -32,
        "Volume": 11999998,
        "Close of Quarter": 5.7,
        "EPS": 11,
        "Non-adjusted EPS": 11,
        "PE": 518.2,
        "Book Price": 13
      }
    },
    {
      "quarter": "Q1 2014",
      "income status": {
        "Net sales": 54063,
        "Cost of goods sold": 49252,
        "Gross Profit": 4811,
        "Financial expenses": 1061,
        "Of which: Interest expense": 1061,
        "Cost of sales": 1404,
        "Enterprise cost management": 2200,
        "Total Operating Expenses": 4665,
        "Total revenue financing activities": 1,
        "Net profit from business activities": 147,
        "Profit": "N/A",
        "Profit before tax": 147,
        "Present corporate income tax expenses": 37,
        "Deferred income taxes expenses": "N/A",
        "The interests of minority shareholders": "N/A",
        "Total Cost of profits": 37,
        "Profit after tax corporate income": 110,
        "Volume": 11999998,
        "Close of Quarter": 5.8,
        "EPS": 27,
        "Non-adjusted EPS": 27,
        "PE": 214.8,
        "Book Price": 13
      }
    },
    {
      "quarter": "Q4 2013",
      "income status": {
        "Net sales": 50477,
        "Cost of goods sold": 28186,
        "Gross Profit": 22291,
        "Financial expenses": 18480,
        "Of which: Interest expense": 18990,
        "Cost of sales": 1093,
        "Enterprise cost management": 2658,
        "Total Operating Expenses": 22231,
        "Total revenue financing activities": 2221,
        "Net profit from business activities": 2282,
        "Profit": "N/A",
        "Profit before tax": 2282,
        "Present corporate income tax expenses": 16,
        "Deferred income taxes expenses": "N/A",
        "The interests of minority shareholders": "N/A",
        "Total Cost of profits": 16,
        "Profit after tax corporate income": 2265,
        "Volume": 11999998,
        "Close of Quarter": 3.9,
        "EPS": 27,
        "Non-adjusted EPS": 27,
        "PE": 144.4,
        "Book Price": 13.1
      }
    },
    {
      "quarter": "Q3 2013",
      "income status": {
        "Net sales": 40291,
        "Cost of goods sold": 33740,
        "Gross Profit": 6551,
        "Financial expenses": 4067,
        "Of which: Interest expense": 4066,
        "Cost of sales": 1296,
        "Enterprise cost management": 3461,
        "Total Operating Expenses": 8824,
        "Total revenue financing activities": 56,
        "Net profit from business activities": -2216,
        "Profit": "N/A",
        "Profit before tax": -2216,
        "Present corporate income tax expenses": "N/A",
        "Deferred income taxes expenses": "N/A",
        "The interests of minority shareholders": "N/A",
        "Total Cost of profits": 0,
        "Profit after tax corporate income": -2216,
        "Volume": 11999998,
        "Close of Quarter": 3.2,
        "EPS": -152,
        "Non-adjusted EPS": -152,
        "PE": -21.1,
        "Book Price": 12.9
      }
    },
    {
      "quarter": "Q2 2013",
      "income status": {
        "Net sales": 58851,
        "Cost of goods sold": 42821,
        "Gross Profit": 16031,
        "Financial expenses": 12126,
        "Of which: Interest expense": 11058,
        "Cost of sales": 1930,
        "Enterprise cost management": 2197,
        "Total Operating Expenses": 16253,
        "Total revenue financing activities": 418,
        "Net profit from business activities": 195,
        "Profit": "N/A",
        "Profit before tax": 195,
        "Present corporate income tax expenses": 29,
        "Deferred income taxes expenses": "N/A",
        "The interests of minority shareholders": "N/A",
        "Total Cost of profits": 29,
        "Profit after tax corporate income": 166,
        "Volume": 11999998,
        "Close of Quarter": 4.2,
        "EPS": 94,
        "Non-adjusted EPS": 94,
        "PE": 44.7,
        "Book Price": 13.1
      }
    },
    {
      "quarter": "Q1 2013",
      "income status": {
        "Net sales": 87337,
        "Cost of goods sold": 69462,
        "Gross Profit": 17875,
        "Financial expenses": 10809,
        "Of which: Interest expense": 10639,
        "Cost of sales": 3726,
        "Enterprise cost management": 3343,
        "Total Operating Expenses": 17878,
        "Total revenue financing activities": 144,
        "Net profit from business activities": 142,
        "Profit": "N/A",
        "Profit before tax": 142,
        "Present corporate income tax expenses": 35,
        "Deferred income taxes expenses": "N/A",
        "The interests of minority shareholders": "N/A",
        "Total Cost of profits": 35,
        "Profit after tax corporate income": 106,
        "Volume": 11999998,
        "Close of Quarter": 4.5,
        "EPS": 406,
        "Non-adjusted EPS": 406,
        "PE": 11.1,
        "Book Price": 13.1
      }
    },
    {
      "quarter": "Q4 2012",
      "income status": {
        "Net sales": 130059,
        "Cost of goods sold": 112501,
        "Gross Profit": 17558,
        "Financial expenses": 11171,
        "Of which: Interest expense": 10921,
        "Cost of sales": 5018,
        "Enterprise cost management": 3968,
        "Total Operating Expenses": 20157,
        "Total revenue financing activities": 2734,
        "Net profit from business activities": 135,
        "Profit": "N/A",
        "Profit before tax": 135,
        "Present corporate income tax expenses": 15,
        "Deferred income taxes expenses": "N/A",
        "The interests of minority shareholders": "N/A",
        "Total Cost of profits": 15,
        "Profit after tax corporate income": 120,
        "Volume": 11999998,
        "Close of Quarter": 4.2,
        "EPS": 457,
        "Non-adjusted EPS": 457,
        "PE": 9.2,
        "Book Price": 13.1
      }
    },
    {
      "quarter": "Q3 2012",
      "income status": {
        "Net sales": 101337,
        "Cost of goods sold": 81648,
        "Gross Profit": 19689,
        "Financial expenses": 13749,
        "Of which: Interest expense": 13191,
        "Cost of sales": 3012,
        "Enterprise cost management": 2065,
        "Total Operating Expenses": 18826,
        "Total revenue financing activities": 31,
        "Net profit from business activities": 895,
        "Profit": "N/A",
        "Profit before tax": 895,
        "Present corporate income tax expenses": 155,
        "Deferred income taxes expenses": "N/A",
        "The interests of minority shareholders": "N/A",
        "Total Cost of profits": 155,
        "Profit after tax corporate income": 740,
        "Volume": 11999998,
        "Close of Quarter": 5.2,
        "EPS": 775,
        "Non-adjusted EPS": 775,
        "PE": 6.7,
        "Book Price": 13.1
      }
    },
    {
      "quarter": "Q2 2012",
      "income status": {
        "Net sales": 87374,
        "Cost of goods sold": 64686,
        "Gross Profit": 22688,
        "Financial expenses": 13790,
        "Of which: Interest expense": 13034,
        "Cost of sales": 1639,
        "Enterprise cost management": 2835,
        "Total Operating Expenses": 18264,
        "Total revenue financing activities": 571,
        "Net profit from business activities": 4994,
        "Profit": -248,
        "Profit before tax": 4747,
        "Present corporate income tax expenses": 839,
        "Deferred income taxes expenses": "N/A",
        "The interests of minority shareholders": "N/A",
        "Total Cost of profits": 839,
        "Profit after tax corporate income": 3907,
        "Volume": 11999998,
        "Close of Quarter": 6.7,
        "EPS": 994,
        "Non-adjusted EPS": 994,
        "PE": 6.7,
        "Book Price": 13.4
      }
    },
    {
      "quarter": "Q1 2012",
      "income status": {
        "Net sales": 97872,
        "Cost of goods sold": 74619,
        "Gross Profit": 23253,
        "Financial expenses": 17974,
        "Of which: Interest expense": 17432,
        "Cost of sales": 2016,
        "Enterprise cost management": 2680,
        "Total Operating Expenses": 22670,
        "Total revenue financing activities": 235,
        "Net profit from business activities": 818,
        "Profit": "N/A",
        "Profit before tax": 818,
        "Present corporate income tax expenses": 98,
        "Deferred income taxes expenses": "N/A",
        "The interests of minority shareholders": "N/A",
        "Total Cost of profits": 98,
        "Profit after tax corporate income": 720,
        "Volume": 11999998,
        "Close of Quarter": 6.9,
        "EPS": 1526,
        "Non-adjusted EPS": 1526,
        "PE": 4.5,
        "Book Price": 13.2
      }
    },
    {
      "quarter": "Q4 2011",
      "income status": {
        "Net sales": 175999,
        "Cost of goods sold": 146711,
        "Gross Profit": 29287,
        "Financial expenses": 20726,
        "Of which: Interest expense": 20217,
        "Cost of sales": 3394,
        "Enterprise cost management": 3848,
        "Total Operating Expenses": 27968,
        "Total revenue financing activities": 2407,
        "Net profit from business activities": 3726,
        "Profit": -123,
        "Profit before tax": 3603,
        "Present corporate income tax expenses": -334,
        "Deferred income taxes expenses": "N/A",
        "The interests of minority shareholders": "N/A",
        "Total Cost of profits": -334,
        "Profit after tax corporate income": 3937,
        "Volume": 11999998,
        "Close of Quarter": 6.3,
        "EPS": 1661,
        "Non-adjusted EPS": 1661,
        "PE": 3.8,
        "Book Price": 13.1
      }
    },
    {
      "quarter": "Q3 2011",
      "income status": {
        "Net sales": 151698,
        "Cost of goods sold": 122501,
        "Gross Profit": 29197,
        "Financial expenses": 19371,
        "Of which: Interest expense": 18756,
        "Cost of sales": 2879,
        "Enterprise cost management": 3641,
        "Total Operating Expenses": 25891,
        "Total revenue financing activities": 498,
        "Net profit from business activities": 3804,
        "Profit": "N/A",
        "Profit before tax": 3804,
        "Present corporate income tax expenses": 435,
        "Deferred income taxes expenses": "N/A",
        "The interests of minority shareholders": "N/A",
        "Total Cost of profits": 435,
        "Profit after tax corporate income": 3369,
        "Volume": 10000000,
        "Close of Quarter": 12.2,
        "EPS": 2035.8,
        "Non-adjusted EPS": 2443,
        "PE": 5.0,
        "Book Price": 13.8
      }
    },
    {
      "quarter": "Q2 2011",
      "income status": {
        "Net sales": 128679,
        "Cost of goods sold": 88865,
        "Gross Profit": 39814,
        "Financial expenses": 21171,
        "Of which: Interest expense": 19849,
        "Cost of sales": 4820,
        "Enterprise cost management": 2849,
        "Total Operating Expenses": 28840,
        "Total revenue financing activities": 1041,
        "Net profit from business activities": 12016,
        "Profit": -289,
        "Profit before tax": 11728,
        "Present corporate income tax expenses": 1448,
        "Deferred income taxes expenses": "N/A",
        "The interests of minority shareholders": "N/A",
        "Total Cost of profits": 1448,
        "Profit after tax corporate income": 10280,
        "Volume": 10000000,
        "Close of Quarter": 15.8,
        "EPS": 2504.2,
        "Non-adjusted EPS": 3005,
        "PE": 5.3,
        "Book Price": 13.9
      }
    },
    {
      "quarter": "Q1 2011",
      "income status": {
        "Net sales": 116647,
        "Cost of goods sold": 94083,
        "Gross Profit": 22564,
        "Financial expenses": 16612,
        "Of which: Interest expense": 15820,
        "Cost of sales": 3794,
        "Enterprise cost management": 3257,
        "Total Operating Expenses": 23663,
        "Total revenue financing activities": 3735,
        "Net profit from business activities": 2636,
        "Profit": -289,
        "Profit before tax": 2347,
        "Present corporate income tax expenses": "N/A",
        "Deferred income taxes expenses": "N/A",
        "The interests of minority shareholders": "N/A",
        "Total Cost of profits": 0,
        "Profit after tax corporate income": 2347,
        "Volume": 10000000,
        "Close of Quarter": 17.2,
        "EPS": 3031.7,
        "Non-adjusted EPS": 3638,
        "PE": 4.7,
        "Book Price": 13
      }
    },
    {
      "quarter": "Q4 2010",
      "income status": {
        "Net sales": 183905,
        "Cost of goods sold": 150776,
        "Gross Profit": 33129,
        "Financial expenses": 14913,
        "Of which: Interest expense": 13288,
        "Cost of sales": 8642,
        "Enterprise cost management": 4505,
        "Total Operating Expenses": 28060,
        "Total revenue financing activities": 5137,
        "Net profit from business activities": 10207,
        "Profit": 573,
        "Profit before tax": 10780,
        "Present corporate income tax expenses": 2343,
        "Deferred income taxes expenses": "N/A",
        "The interests of minority shareholders": "N/A",
        "Total Cost of profits": 2343,
        "Profit after tax corporate income": 8438,
        "Volume": 10000000,
        "Close of Quarter": 22.2,
        "EPS": 3800.8,
        "Non-adjusted EPS": 4561,
        "PE": 4.9,
        "Book Price": 12.9
      }
    },
    {
      "quarter": "Q3 2010",
      "income status": {
        "Net sales": 194489,
        "Cost of goods sold": 161916,
        "Gross Profit": 32573,
        "Financial expenses": 12955,
        "Of which: Interest expense": 11183,
        "Cost of sales": 7804,
        "Enterprise cost management": 3562,
        "Total Operating Expenses": 24321,
        "Total revenue financing activities": 3328,
        "Net profit from business activities": 11580,
        "Profit": 13,
        "Profit before tax": 11593,
        "Present corporate income tax expenses": 2612,
        "Deferred income taxes expenses": "N/A",
        "The interests of minority shareholders": "N/A",
        "Total Cost of profits": 2612,
        "Profit after tax corporate income": 8981,
        "Volume": 10000000,
        "Close of Quarter": 19.6,
        "EPS": 4198.3,
        "Non-adjusted EPS": 5038,
        "PE": 3.9,
        "Book Price": 12
      }
    },
    {
      "quarter": "Q2 2010",
      "income status": {
        "Net sales": 90953,
        "Cost of goods sold": "N/A",
        "Gross Profit": 37579,
        "Financial expenses": "N/A",
        "Of which: Interest expense": 7961,
        "Cost of sales": "N/A",
        "Enterprise cost management": 3619,
        "Total Operating Expenses": 3619,
        "Total revenue financing activities": "N/A",
        "Net profit from business activities": 17113,
        "Profit": 63,
        "Profit before tax": 17176,
        "Present corporate income tax expenses": "N/A",
        "Deferred income taxes expenses": 560,
        "The interests of minority shareholders": "N/A",
        "Total Cost of profits": 560,
        "Profit after tax corporate income": 16616,
        "Volume": 10000000,
        "Close of Quarter": 21.7,
        "EPS": 4542.5,
        "Non-adjusted EPS": 5451,
        "PE": 4.0,
        "Book Price": 11.4
      }
    },
    {
      "quarter": "Q1 2010",
      "income status": {
        "Net sales": 138710,
        "Cost of goods sold": "N/A",
        "Gross Profit": 25086,
        "Financial expenses": "N/A",
        "Of which: Interest expense": 6611,
        "Cost of sales": "N/A",
        "Enterprise cost management": 3187,
        "Total Operating Expenses": 3187,
        "Total revenue financing activities": "N/A",
        "Net profit from business activities": 12471,
        "Profit": 37,
        "Profit before tax": 12508,
        "Present corporate income tax expenses": "N/A",
        "Deferred income taxes expenses": 937,
        "The interests of minority shareholders": "N/A",
        "Total Cost of profits": 937,
        "Profit after tax corporate income": 11571,
        "Volume": 10000000,
        "Close of Quarter": 21.1,
        "EPS": 3610,
        "Non-adjusted EPS": 4332,
        "PE": 4.9,
        "Book Price": 11.5
      }
    },
    {
      "quarter": "Q4 2009",
      "income status": {
        "Net sales": 71002,
        "Cost of goods sold": "N/A",
        "Gross Profit": 26228,
        "Financial expenses": "N/A",
        "Of which: Interest expense": "N/A",
        "Cost of sales": "N/A",
        "Enterprise cost management": 3518,
        "Total Operating Expenses": 3518,
        "Total revenue financing activities": "N/A",
        "Net profit from business activities": 13333,
        "Profit": 1337,
        "Profit before tax": 14669,
        "Present corporate income tax expenses": "N/A",
        "Deferred income taxes expenses": 1463,
        "The interests of minority shareholders": "N/A",
        "Total Cost of profits": 1463,
        "Profit after tax corporate income": 13207,
        "Volume": 10000000,
        "Close of Quarter": 20.7,
        "EPS": 3020,
        "Non-adjusted EPS": 3624,
        "PE": 5.7,
        "Book Price": 10.9
      }
    },
    {
      "quarter": "Q3 2009",
      "income status": {
        "Net sales": 143773,
        "Cost of goods sold": "N/A",
        "Gross Profit": 22875,
        "Financial expenses": "N/A",
        "Of which: Interest expense": 5998,
        "Cost of sales": "N/A",
        "Enterprise cost management": 3030,
        "Total Operating Expenses": 3030,
        "Total revenue financing activities": "N/A",
        "Net profit from business activities": 14532,
        "Profit": 36,
        "Profit before tax": 14568,
        "Present corporate income tax expenses": "N/A",
        "Deferred income taxes expenses": 1457,
        "The interests of minority shareholders": "N/A",
        "Total Cost of profits": 1457,
        "Profit after tax corporate income": 13111,
        "Volume": 10000000,
        "Close of Quarter": 20.8,
        "EPS": 2177.5,
        "Non-adjusted EPS": 2613,
        "PE": 8.0,
        "Book Price": 11
      }
    },
    {
      "quarter": "Q2 2009",
      "income status": {
        "Net sales": 111881,
        "Cost of goods sold": "N/A",
        "Gross Profit": 16048,
        "Financial expenses": "N/A",
        "Of which: Interest expense": 4995,
        "Cost of sales": "N/A",
        "Enterprise cost management": 2961,
        "Total Operating Expenses": 2961,
        "Total revenue financing activities": "N/A",
        "Net profit from business activities": 5477,
        "Profit": 229,
        "Profit before tax": 5705,
        "Present corporate income tax expenses": "N/A",
        "Deferred income taxes expenses": 271,
        "The interests of minority shareholders": "N/A",
        "Total Cost of profits": 271,
        "Profit after tax corporate income": 5435,
        "Volume": 10000000,
        "Close of Quarter": "N/A",
        "EPS": 1684.2,
        "Non-adjusted EPS": 2021,
        "PE": "N/A",
        "Book Price": 9.8
      }
    },
    {
      "quarter": "Q1 2009",
      "income status": {
        "Net sales": 109561,
        "Cost of goods sold": 96061,
        "Gross Profit": 13500,
        "Financial expenses": 4509,
        "Of which: Interest expense": 4303,
        "Cost of sales": 3021,
        "Enterprise cost management": 3174,
        "Total Operating Expenses": 10704,
        "Total revenue financing activities": 2037,
        "Net profit from business activities": 4834,
        "Profit": 570,
        "Profit before tax": 5404,
        "Present corporate income tax expenses": 918,
        "Deferred income taxes expenses": "N/A",
        "The interests of minority shareholders": "N/A",
        "Total Cost of profits": 918,
        "Profit after tax corporate income": 4486,
        "Volume": 10000000,
        "Close of Quarter": "N/A",
        "EPS": 1632.5,
        "Non-adjusted EPS": 1959,
        "PE": "N/A",
        "Book Price": "N/A"
      }
    },
    {
      "quarter": "Q4 2008",
      "income status": {
        "Net sales": 149295,
        "Cost of goods sold": 128352,
        "Gross Profit": 20944,
        "Financial expenses": 5389,
        "Of which: Interest expense": 6094,
        "Cost of sales": 13265,
        "Enterprise cost management": 4100,
        "Total Operating Expenses": 22754,
        "Total revenue financing activities": 3511,
        "Net profit from business activities": 1701,
        "Profit": 2170,
        "Profit before tax": 3871,
        "Present corporate income tax expenses": 774,
        "Deferred income taxes expenses": "N/A",
        "The interests of minority shareholders": "N/A",
        "Total Cost of profits": 774,
        "Profit after tax corporate income": 3097,
        "Volume": 10000000,
        "Close of Quarter": "N/A",
        "EPS": 1259.2,
        "Non-adjusted EPS": 1511,
        "PE": "N/A",
        "Book Price": "N/A"
      }
    },
    {
      "quarter": "Q3 2008",
      "income status": {
        "Net sales": 75883,
        "Cost of goods sold": 53310,
        "Gross Profit": 22573,
        "Financial expenses": 6263,
        "Of which: Interest expense": 6136,
        "Cost of sales": 7960,
        "Enterprise cost management": 2346,
        "Total Operating Expenses": 16569,
        "Total revenue financing activities": 1499,
        "Net profit from business activities": 7503,
        "Profit": 136,
        "Profit before tax": 7639,
        "Present corporate income tax expenses": 452,
        "Deferred income taxes expenses": "N/A",
        "The interests of minority shareholders": "N/A",
        "Total Cost of profits": 452,
        "Profit after tax corporate income": 7187,
        "Volume": 10000000,
        "Close of Quarter": "N/A",
        "EPS": 1000.8,
        "Non-adjusted EPS": 1201,
        "PE": "N/A",
        "Book Price": "N/A"
      }
    },
    {
      "quarter": "Q2 2008",
      "income status": {
        "Net sales": 74767,
        "Cost of goods sold": 59154,
        "Gross Profit": 15613,
        "Financial expenses": 4064,
        "Of which: Interest expense": 4001,
        "Cost of sales": 5384,
        "Enterprise cost management": 2653,
        "Total Operating Expenses": 12101,
        "Total revenue financing activities": 1042,
        "Net profit from business activities": 4553,
        "Profit": 690,
        "Profit before tax": 5243,
        "Present corporate income tax expenses": 423,
        "Deferred income taxes expenses": "N/A",
        "The interests of minority shareholders": "N/A",
        "Total Cost of profits": 423,
        "Profit after tax corporate income": 4821,
        "Volume": 10000000,
        "Close of Quarter": "N/A",
        "EPS": 401.7,
        "Non-adjusted EPS": 482,
        "PE": "N/A",
        "Book Price": "N/A"
      }
    }
  ]
}