{
  "ticker": "PVC",
  "data": [
    {
      "quarter": "Q1 2017",
      "income status": {
        "Net sales": 565056,
        "Cost of goods sold": 525899,
        "Gross Profit": 39157,
        "Financial expenses": 3183,
        "Of which: Interest expense": 2802,
        "Cost of sales": 7942,
        "Enterprise cost management": 42361,
        "Total Operating Expenses": 53486,
        "Total revenue financing activities": 3379,
        "Net profit from business activities": -11470,
        "Profit": -5263,
        "Profit before tax": -16732,
        "Present corporate income tax expenses": 659,
        "Deferred income taxes expenses": 84,
        "The interests of minority shareholders": -489,
        "Total Cost of profits": 254,
        "Profit after tax corporate income": -16986,
        "Volume": 50000000,
        "Close of Quarter": 7.9,
        "EPS": -785,
        "Non-adjusted EPS": -785,
        "PE": -10.1,
        "Book Price": 19.4
      }
    },
    {
      "quarter": "Q4 2016",
      "income status": {
        "Net sales": 737222,
        "Cost of goods sold": 678209,
        "Gross Profit": 59013,
        "Financial expenses": 21616,
        "Of which: Interest expense": 3603,
        "Cost of sales": 22902,
        "Enterprise cost management": 36092,
        "Total Operating Expenses": 80610,
        "Total revenue financing activities": 10478,
        "Net profit from business activities": -13137,
        "Profit": 14878,
        "Profit before tax": 1741,
        "Present corporate income tax expenses": 8125,
        "Deferred income taxes expenses": -2505,
        "The interests of minority shareholders": 2790,
        "Total Cost of profits": 8410,
        "Profit after tax corporate income": -6669,
        "Volume": 50000000,
        "Close of Quarter": 8,
        "EPS": -441,
        "Non-adjusted EPS": -441,
        "PE": -18.1,
        "Book Price": 20.6
      }
    },
    {
      "quarter": "Q3 2016",
      "income status": {
        "Net sales": 902272,
        "Cost of goods sold": 859185,
        "Gross Profit": 43088,
        "Financial expenses": 10058,
        "Of which: Interest expense": 8662,
        "Cost of sales": 12573,
        "Enterprise cost management": 47832,
        "Total Operating Expenses": 70463,
        "Total revenue financing activities": 5391,
        "Net profit from business activities": -22569,
        "Profit": 487,
        "Profit before tax": -22081,
        "Present corporate income tax expenses": 2854,
        "Deferred income taxes expenses": -802,
        "The interests of minority shareholders": 3670,
        "Total Cost of profits": 5722,
        "Profit after tax corporate income": -27803,
        "Volume": 50000000,
        "Close of Quarter": 10.2,
        "EPS": -22,
        "Non-adjusted EPS": -22,
        "PE": -463.6,
        "Book Price": 20.6
      }
    },
    {
      "quarter": "Q2 2016",
      "income status": {
        "Net sales": 926356,
        "Cost of goods sold": 839471,
        "Gross Profit": 86885,
        "Financial expenses": 10436,
        "Of which: Interest expense": 4347,
        "Cost of sales": 23866,
        "Enterprise cost management": 52763,
        "Total Operating Expenses": 87065,
        "Total revenue financing activities": 4915,
        "Net profit from business activities": 3808,
        "Profit": -9197,
        "Profit before tax": -5389,
        "Present corporate income tax expenses": 2459,
        "Deferred income taxes expenses": 3503,
        "The interests of minority shareholders": -23550,
        "Total Cost of profits": -17588,
        "Profit after tax corporate income": 12199,
        "Volume": 50000000,
        "Close of Quarter": 15,
        "EPS": 726,
        "Non-adjusted EPS": 726,
        "PE": 20.7,
        "Book Price": 21.1
      }
    },
    {
      "quarter": "Q1 2016",
      "income status": {
        "Net sales": 462960,
        "Cost of goods sold": 401010,
        "Gross Profit": 61950,
        "Financial expenses": 3580,
        "Of which: Interest expense": 3232,
        "Cost of sales": 10453,
        "Enterprise cost management": 41395,
        "Total Operating Expenses": 55428,
        "Total revenue financing activities": 2183,
        "Net profit from business activities": 8274,
        "Profit": -707,
        "Profit before tax": 7567,
        "Present corporate income tax expenses": 1883,
        "Deferred income taxes expenses": 554,
        "The interests of minority shareholders": 4920,
        "Total Cost of profits": 7357,
        "Profit after tax corporate income": 211,
        "Volume": 50000000,
        "Close of Quarter": 13.4,
        "EPS": 1559,
        "Non-adjusted EPS": 1559,
        "PE": 8.6,
        "Book Price": 24
      }
    },
    {
      "quarter": "Q4 2015",
      "income status": {
        "Net sales": 804370,
        "Cost of goods sold": 695093,
        "Gross Profit": 109278,
        "Financial expenses": 11071,
        "Of which: Interest expense": 4293,
        "Cost of sales": 24451,
        "Enterprise cost management": 45360,
        "Total Operating Expenses": 80882,
        "Total revenue financing activities": 4420,
        "Net profit from business activities": 32022,
        "Profit": -10854,
        "Profit before tax": 21168,
        "Present corporate income tax expenses": 7489,
        "Deferred income taxes expenses": -5698,
        "The interests of minority shareholders": 5078,
        "Total Cost of profits": 6869,
        "Profit after tax corporate income": 14300,
        "Volume": 50000000,
        "Close of Quarter": 16,
        "EPS": 2352,
        "Non-adjusted EPS": 2352,
        "PE": 6.8,
        "Book Price": 24.1
      }
    },
    {
      "quarter": "Q3 2015",
      "income status": {
        "Net sales": 1073889,
        "Cost of goods sold": 970164,
        "Gross Profit": 103725,
        "Financial expenses": 8122,
        "Of which: Interest expense": 4395,
        "Cost of sales": 15184,
        "Enterprise cost management": 48705,
        "Total Operating Expenses": 72011,
        "Total revenue financing activities": 1382,
        "Net profit from business activities": 32463,
        "Profit": -839,
        "Profit before tax": 31624,
        "Present corporate income tax expenses": 8942,
        "Deferred income taxes expenses": 546,
        "The interests of minority shareholders": 12547,
        "Total Cost of profits": 22035,
        "Profit after tax corporate income": 9589,
        "Volume": 50000000,
        "Close of Quarter": 19.4,
        "EPS": 2518,
        "Non-adjusted EPS": 2518,
        "PE": 7.7,
        "Book Price": 23.5
      }
    },
    {
      "quarter": "Q2 2015",
      "income status": {
        "Net sales": 892869,
        "Cost of goods sold": 751440,
        "Gross Profit": 141429,
        "Financial expenses": 13082,
        "Of which: Interest expense": 3279,
        "Cost of sales": 24073,
        "Enterprise cost management": 58700,
        "Total Operating Expenses": 95855,
        "Total revenue financing activities": 5175,
        "Net profit from business activities": 50481,
        "Profit": 44854,
        "Profit before tax": 95335,
        "Present corporate income tax expenses": 20092,
        "Deferred income taxes expenses": -2838,
        "The interests of minority shareholders": 24238,
        "Total Cost of profits": 41492,
        "Profit after tax corporate income": 53843,
        "Volume": 50000000,
        "Close of Quarter": 26.0,
        "EPS": 3178,
        "Non-adjusted EPS": 3178,
        "PE": 8.2,
        "Book Price": 22.8
      }
    },
    {
      "quarter": "Q1 2015",
      "income status": {
        "Net sales": 898532,
        "Cost of goods sold": 729416,
        "Gross Profit": 169117,
        "Financial expenses": 9148,
        "Of which: Interest expense": 6213,
        "Cost of sales": 22182,
        "Enterprise cost management": 55464,
        "Total Operating Expenses": 86794,
        "Total revenue financing activities": 5366,
        "Net profit from business activities": 87689,
        "Profit": 1567,
        "Profit before tax": 89256,
        "Present corporate income tax expenses": 21470,
        "Deferred income taxes expenses": 607,
        "The interests of minority shareholders": 27310,
        "Total Cost of profits": 49387,
        "Profit after tax corporate income": 39869,
        "Volume": 50000000,
        "Close of Quarter": 20.9,
        "EPS": 3882,
        "Non-adjusted EPS": 3882,
        "PE": 5.4,
        "Book Price": 23.5
      }
    },
    {
      "quarter": "Q4 2014",
      "income status": {
        "Net sales": 1178848,
        "Cost of goods sold": 974937,
        "Gross Profit": 203911,
        "Financial expenses": 12691,
        "Of which: Interest expense": 5431,
        "Cost of sales": 29918,
        "Enterprise cost management": 90222,
        "Total Operating Expenses": 132831,
        "Total revenue financing activities": 8030,
        "Net profit from business activities": 79110,
        "Profit": -8733,
        "Profit before tax": 70377,
        "Present corporate income tax expenses": 45872,
        "Deferred income taxes expenses": -12039,
        "The interests of minority shareholders": 13937,
        "Total Cost of profits": 47770,
        "Profit after tax corporate income": 22607,
        "Volume": 50000000,
        "Close of Quarter": 24.0,
        "EPS": 3605,
        "Non-adjusted EPS": 3605,
        "PE": 6.7,
        "Book Price": 22.9
      }
    },
    {
      "quarter": "Q3 2014",
      "income status": {
        "Net sales": 1006521,
        "Cost of goods sold": 829121,
        "Gross Profit": 177400,
        "Financial expenses": 11510,
        "Of which: Interest expense": 6988,
        "Cost of sales": 24025,
        "Enterprise cost management": 51561,
        "Total Operating Expenses": 87096,
        "Total revenue financing activities": 5996,
        "Net profit from business activities": 96301,
        "Profit": 1234,
        "Profit before tax": 97535,
        "Present corporate income tax expenses": 24065,
        "Deferred income taxes expenses": 833,
        "The interests of minority shareholders": 30076,
        "Total Cost of profits": 54974,
        "Profit after tax corporate income": 42561,
        "Volume": 50000000,
        "Close of Quarter": 32.3,
        "EPS": 3999,
        "Non-adjusted EPS": 3999,
        "PE": 8.1,
        "Book Price": 22.2
      }
    },
    {
      "quarter": "Q2 2014",
      "income status": {
        "Net sales": 1258752,
        "Cost of goods sold": 961805,
        "Gross Profit": 296947,
        "Financial expenses": 18107,
        "Of which: Interest expense": 7529,
        "Cost of sales": 17905,
        "Enterprise cost management": 95448,
        "Total Operating Expenses": 131460,
        "Total revenue financing activities": 8998,
        "Net profit from business activities": 174484,
        "Profit": -2007,
        "Profit before tax": 172478,
        "Present corporate income tax expenses": 32868,
        "Deferred income taxes expenses": 10318,
        "The interests of minority shareholders": 40252,
        "Total Cost of profits": 83438,
        "Profit after tax corporate income": 89040,
        "Volume": 50000000,
        "Close of Quarter": 16.2,
        "EPS": 3314,
        "Non-adjusted EPS": 3314,
        "PE": 4.9,
        "Book Price": 20.8
      }
    },
    {
      "quarter": "Q1 2014",
      "income status": {
        "Net sales": 843024,
        "Cost of goods sold": 696056,
        "Gross Profit": 146968,
        "Financial expenses": 9039,
        "Of which: Interest expense": 6097,
        "Cost of sales": 12728,
        "Enterprise cost management": 65892,
        "Total Operating Expenses": 87659,
        "Total revenue financing activities": 3201,
        "Net profit from business activities": 62510,
        "Profit": 3777,
        "Profit before tax": 66287,
        "Present corporate income tax expenses": 22593,
        "Deferred income taxes expenses": -6384,
        "The interests of minority shareholders": 24031,
        "Total Cost of profits": 40240,
        "Profit after tax corporate income": 26047,
        "Volume": 50000000,
        "Close of Quarter": 17.2,
        "EPS": 1676,
        "Non-adjusted EPS": 1676,
        "PE": 10.3,
        "Book Price": 21.1
      }
    },
    {
      "quarter": "Q4 2013",
      "income status": {
        "Net sales": 1070471,
        "Cost of goods sold": 882450,
        "Gross Profit": 188021,
        "Financial expenses": 10118,
        "Of which: Interest expense": 5212,
        "Cost of sales": 32478,
        "Enterprise cost management": 70730,
        "Total Operating Expenses": 113326,
        "Total revenue financing activities": 4565,
        "Net profit from business activities": 79261,
        "Profit": 2420,
        "Profit before tax": 81680,
        "Present corporate income tax expenses": 21216,
        "Deferred income taxes expenses": -4680,
        "The interests of minority shareholders": 22845,
        "Total Cost of profits": 39381,
        "Profit after tax corporate income": 42300,
        "Volume": 50000000,
        "Close of Quarter": 13.2,
        "EPS": 1477,
        "Non-adjusted EPS": 1477,
        "PE": 8.9,
        "Book Price": 17.3
      }
    },
    {
      "quarter": "Q3 2013",
      "income status": {
        "Net sales": 808820,
        "Cost of goods sold": 691884,
        "Gross Profit": 116936,
        "Financial expenses": 9444,
        "Of which: Interest expense": 4280,
        "Cost of sales": 12100,
        "Enterprise cost management": 50485,
        "Total Operating Expenses": 72029,
        "Total revenue financing activities": 1770,
        "Net profit from business activities": 46677,
        "Profit": -2257,
        "Profit before tax": 44420,
        "Present corporate income tax expenses": 19676,
        "Deferred income taxes expenses": -2414,
        "The interests of minority shareholders": 18843,
        "Total Cost of profits": 36105,
        "Profit after tax corporate income": 8315,
        "Volume": 50000000,
        "Close of Quarter": 12.5,
        "EPS": 972,
        "Non-adjusted EPS": 972,
        "PE": 12.8,
        "Book Price": 16.5
      }
    },
    {
      "quarter": "Q2 2013",
      "income status": {
        "Net sales": 987367,
        "Cost of goods sold": 852559,
        "Gross Profit": 134808,
        "Financial expenses": 10783,
        "Of which: Interest expense": 4463,
        "Cost of sales": 23779,
        "Enterprise cost management": 73571,
        "Total Operating Expenses": 108133,
        "Total revenue financing activities": 5286,
        "Net profit from business activities": 31961,
        "Profit": 700,
        "Profit before tax": 32661,
        "Present corporate income tax expenses": 7850,
        "Deferred income taxes expenses": 565,
        "The interests of minority shareholders": 17121,
        "Total Cost of profits": 25536,
        "Profit after tax corporate income": 7124,
        "Volume": 50000000,
        "Close of Quarter": 13.8,
        "EPS": 1548,
        "Non-adjusted EPS": 1548,
        "PE": 8.9,
        "Book Price": 15.8
      }
    },
    {
      "quarter": "Q1 2013",
      "income status": {
        "Net sales": 756654,
        "Cost of goods sold": 647100,
        "Gross Profit": 109554,
        "Financial expenses": 5556,
        "Of which: Interest expense": 5380,
        "Cost of sales": 11996,
        "Enterprise cost management": 54902,
        "Total Operating Expenses": 72454,
        "Total revenue financing activities": 4222,
        "Net profit from business activities": 41322,
        "Profit": 755,
        "Profit before tax": 42077,
        "Present corporate income tax expenses": 14827,
        "Deferred income taxes expenses": -3699,
        "The interests of minority shareholders": 14855,
        "Total Cost of profits": 25983,
        "Profit after tax corporate income": 16094,
        "Volume": 50000000,
        "Close of Quarter": 11.0,
        "EPS": 2137,
        "Non-adjusted EPS": 2137,
        "PE": 5.1,
        "Book Price": 17
      }
    },
    {
      "quarter": "Q4 2012",
      "income status": {
        "Net sales": 857820,
        "Cost of goods sold": 714773,
        "Gross Profit": 143047,
        "Financial expenses": 7087,
        "Of which: Interest expense": 13786,
        "Cost of sales": 16291,
        "Enterprise cost management": 78856,
        "Total Operating Expenses": 102234,
        "Total revenue financing activities": 9619,
        "Net profit from business activities": 50432,
        "Profit": 11052,
        "Profit before tax": 61484,
        "Present corporate income tax expenses": 15760,
        "Deferred income taxes expenses": 4279,
        "The interests of minority shareholders": 24398,
        "Total Cost of profits": 44437,
        "Profit after tax corporate income": 17046,
        "Volume": 35000000,
        "Close of Quarter": 11.1,
        "EPS": 2156.7,
        "Non-adjusted EPS": 3081,
        "PE": 3.6,
        "Book Price": 16.2
      }
    },
    {
      "quarter": "Q3 2012",
      "income status": {
        "Net sales": 945381,
        "Cost of goods sold": 770001,
        "Gross Profit": 175380,
        "Financial expenses": 4057,
        "Of which: Interest expense": 3126,
        "Cost of sales": 13212,
        "Enterprise cost management": 69087,
        "Total Operating Expenses": 86356,
        "Total revenue financing activities": 881,
        "Net profit from business activities": 89905,
        "Profit": 10764,
        "Profit before tax": 100669,
        "Present corporate income tax expenses": 34299,
        "Deferred income taxes expenses": 2765,
        "The interests of minority shareholders": 26464,
        "Total Cost of profits": 63528,
        "Profit after tax corporate income": 37141,
        "Volume": 35000000,
        "Close of Quarter": 8.6,
        "EPS": 2265.2,
        "Non-adjusted EPS": 3236,
        "PE": 2.7,
        "Book Price": 12.7
      }
    },
    {
      "quarter": "Q2 2012",
      "income status": {
        "Net sales": 895399,
        "Cost of goods sold": 718342,
        "Gross Profit": 177057,
        "Financial expenses": 21802,
        "Of which: Interest expense": 7306,
        "Cost of sales": 4153,
        "Enterprise cost management": 47956,
        "Total Operating Expenses": 73911,
        "Total revenue financing activities": 7802,
        "Net profit from business activities": 110948,
        "Profit": 503,
        "Profit before tax": 111451,
        "Present corporate income tax expenses": 23714,
        "Deferred income taxes expenses": 8618,
        "The interests of minority shareholders": 42569,
        "Total Cost of profits": 74901,
        "Profit after tax corporate income": 36550,
        "Volume": 35000000,
        "Close of Quarter": 10.7,
        "EPS": 1796.9,
        "Non-adjusted EPS": 2567,
        "PE": 4.2,
        "Book Price": 12.5
      }
    },
    {
      "quarter": "Q1 2012",
      "income status": {
        "Net sales": 737645,
        "Cost of goods sold": 608749,
        "Gross Profit": 128896,
        "Financial expenses": 9730,
        "Of which: Interest expense": 7690,
        "Cost of sales": 20151,
        "Enterprise cost management": 51260,
        "Total Operating Expenses": 81141,
        "Total revenue financing activities": 2303,
        "Net profit from business activities": 50058,
        "Profit": 593,
        "Profit before tax": 50651,
        "Present corporate income tax expenses": 12663,
        "Deferred income taxes expenses": "N/A",
        "The interests of minority shareholders": 20888,
        "Total Cost of profits": 33551,
        "Profit after tax corporate income": 17100,
        "Volume": 35000000,
        "Close of Quarter": 10.5,
        "EPS": 1584.8,
        "Non-adjusted EPS": 2264,
        "PE": 4.6,
        "Book Price": 12.7
      }
    },
    {
      "quarter": "Q4 2011",
      "income status": {
        "Net sales": 790984,
        "Cost of goods sold": 621344,
        "Gross Profit": 169640,
        "Financial expenses": 12225,
        "Of which: Interest expense": 8674,
        "Cost of sales": 36001,
        "Enterprise cost management": 68457,
        "Total Operating Expenses": 116683,
        "Total revenue financing activities": 7195,
        "Net profit from business activities": 60152,
        "Profit": 1015,
        "Profit before tax": 189362,
        "Present corporate income tax expenses": 16658,
        "Deferred income taxes expenses": "N/A",
        "The interests of minority shareholders": 22045,
        "Total Cost of profits": 38703,
        "Profit after tax corporate income": 22464,
        "Volume": 35000000,
        "Close of Quarter": 8.7,
        "EPS": 1902.6,
        "Non-adjusted EPS": 2718,
        "PE": 3.2,
        "Book Price": 11.8
      }
    },
    {
      "quarter": "Q3 2011",
      "income status": {
        "Net sales": 685579,
        "Cost of goods sold": 591457,
        "Gross Profit": 94122,
        "Financial expenses": 6378,
        "Of which: Interest expense": 4665,
        "Cost of sales": 22934,
        "Enterprise cost management": 42152,
        "Total Operating Expenses": 71464,
        "Total revenue financing activities": 4884,
        "Net profit from business activities": 27542,
        "Profit": 887,
        "Profit before tax": 128195,
        "Present corporate income tax expenses": 11619,
        "Deferred income taxes expenses": "N/A",
        "The interests of minority shareholders": 13472,
        "Total Cost of profits": 25091,
        "Profit after tax corporate income": 13728,
        "Volume": 35000000,
        "Close of Quarter": 11.8,
        "EPS": 2326.1,
        "Non-adjusted EPS": 3323,
        "PE": 3.6,
        "Book Price": 11.4
      }
    },
    {
      "quarter": "Q2 2011",
      "income status": {
        "Net sales": 547036,
        "Cost of goods sold": 488781,
        "Gross Profit": 58255,
        "Financial expenses": 4015,
        "Of which: Interest expense": 2297,
        "Cost of sales": 25196,
        "Enterprise cost management": 39403,
        "Total Operating Expenses": 68614,
        "Total revenue financing activities": 49757,
        "Net profit from business activities": 39396,
        "Profit": 1786,
        "Profit before tax": 45486,
        "Present corporate income tax expenses": 19076,
        "Deferred income taxes expenses": "N/A",
        "The interests of minority shareholders": 451,
        "Total Cost of profits": 19527,
        "Profit after tax corporate income": 25958,
        "Volume": 35000000,
        "Close of Quarter": 11.5,
        "EPS": 2826.6,
        "Non-adjusted EPS": 4038,
        "PE": 2.8,
        "Book Price": 11.1
      }
    },
    {
      "quarter": "Q1 2011",
      "income status": {
        "Net sales": 610071,
        "Cost of goods sold": 535784,
        "Gross Profit": 74287,
        "Financial expenses": 13782,
        "Of which: Interest expense": 2309,
        "Cost of sales": 26818,
        "Enterprise cost management": 38251,
        "Total Operating Expenses": 78851,
        "Total revenue financing activities": 7386,
        "Net profit from business activities": 2821,
        "Profit": 1133,
        "Profit before tax": 35291,
        "Present corporate income tax expenses": 2032,
        "Deferred income taxes expenses": "N/A",
        "The interests of minority shareholders": 279,
        "Total Cost of profits": 2311,
        "Profit after tax corporate income": 32980,
        "Volume": 19541284,
        "Close of Quarter": 15.4,
        "EPS": 2589.2,
        "Non-adjusted EPS": 6625,
        "PE": 2.3,
        "Book Price": 12.1
      }
    },
    {
      "quarter": "Q4 2010",
      "income status": {
        "Net sales": 886416,
        "Cost of goods sold": 807212,
        "Gross Profit": 79203,
        "Financial expenses": -8816,
        "Of which: Interest expense": 3664,
        "Cost of sales": 40207,
        "Enterprise cost management": 40019,
        "Total Operating Expenses": 71410,
        "Total revenue financing activities": 8312,
        "Net profit from business activities": 16105,
        "Profit": -72,
        "Profit before tax": 44281,
        "Present corporate income tax expenses": 434,
        "Deferred income taxes expenses": "N/A",
        "The interests of minority shareholders": 203,
        "Total Cost of profits": 637,
        "Profit after tax corporate income": 43644,
        "Volume": 19541284,
        "Close of Quarter": 17.9,
        "EPS": 2169.5,
        "Non-adjusted EPS": 5551,
        "PE": 3.2,
        "Book Price": 11.4
      }
    },
    {
      "quarter": "Q3 2010",
      "income status": {
        "Net sales": 410973,
        "Cost of goods sold": 355582,
        "Gross Profit": 55391,
        "Financial expenses": 6393,
        "Of which: Interest expense": 2831,
        "Cost of sales": 24446,
        "Enterprise cost management": 19358,
        "Total Operating Expenses": 50197,
        "Total revenue financing activities": 1620,
        "Net profit from business activities": 6814,
        "Profit": -827,
        "Profit before tax": 39900,
        "Present corporate income tax expenses": 1141,
        "Deferred income taxes expenses": "N/A",
        "The interests of minority shareholders": 4,
        "Total Cost of profits": 1145,
        "Profit after tax corporate income": 38755,
        "Volume": 19238225,
        "Close of Quarter": 18.0,
        "EPS": 1549.5,
        "Non-adjusted EPS": 4027,
        "PE": 4.5,
        "Book Price": 7.2
      }
    },
    {
      "quarter": "Q2 2010",
      "income status": {
        "Net sales": 250150,
        "Cost of goods sold": 202863,
        "Gross Profit": 47287,
        "Financial expenses": 14803,
        "Of which: Interest expense": 2624,
        "Cost of sales": 20502,
        "Enterprise cost management": 28181,
        "Total Operating Expenses": 63486,
        "Total revenue financing activities": 2824,
        "Net profit from business activities": -13376,
        "Profit": -139,
        "Profit before tax": 14413,
        "Present corporate income tax expenses": 323,
        "Deferred income taxes expenses": "N/A",
        "The interests of minority shareholders": 14,
        "Total Cost of profits": 337,
        "Profit after tax corporate income": 14076,
        "Volume": 15971735,
        "Close of Quarter": 19.3,
        "EPS": 1062.4,
        "Non-adjusted EPS": 3326,
        "PE": 5.8,
        "Book Price": 6.2
      }
    },
    {
      "quarter": "Q1 2010",
      "income status": {
        "Net sales": 205269,
        "Cost of goods sold": 181847,
        "Gross Profit": 23422,
        "Financial expenses": 7515,
        "Of which: Interest expense": 1828,
        "Cost of sales": 11227,
        "Enterprise cost management": 10293,
        "Total Operating Expenses": 29035,
        "Total revenue financing activities": 1798,
        "Net profit from business activities": -3815,
        "Profit": 481,
        "Profit before tax": 12332,
        "Present corporate income tax expenses": 322,
        "Deferred income taxes expenses": "N/A",
        "The interests of minority shareholders": 2,
        "Total Cost of profits": 324,
        "Profit after tax corporate income": 12008,
        "Volume": 15971735,
        "Close of Quarter": 11.8,
        "EPS": 966.0,
        "Non-adjusted EPS": 3024,
        "PE": 3.9,
        "Book Price": 5.7
      }
    },
    {
      "quarter": "Q4 2009",
      "income status": {
        "Net sales": 235837,
        "Cost of goods sold": 216040,
        "Gross Profit": 19797,
        "Financial expenses": 13762,
        "Of which: Interest expense": 1625,
        "Cost of sales": -801,
        "Enterprise cost management": 19069,
        "Total Operating Expenses": 32030,
        "Total revenue financing activities": 1592,
        "Net profit from business activities": -10641,
        "Profit": -346,
        "Profit before tax": 12692,
        "Present corporate income tax expenses": 41,
        "Deferred income taxes expenses": "N/A",
        "The interests of minority shareholders": 9,
        "Total Cost of profits": 50,
        "Profit after tax corporate income": 12642,
        "Volume": 15971735,
        "Close of Quarter": 11.5,
        "EPS": 1056.4,
        "Non-adjusted EPS": 3307,
        "PE": 3.5,
        "Book Price": 5.3
      }
    },
    {
      "quarter": "Q3 2009",
      "income status": {
        "Net sales": 95267,
        "Cost of goods sold": 75804,
        "Gross Profit": 19463,
        "Financial expenses": 7892,
        "Of which: Interest expense": "N/A",
        "Cost of sales": 5390,
        "Enterprise cost management": 13257,
        "Total Operating Expenses": 26539,
        "Total revenue financing activities": 897,
        "Net profit from business activities": -6179,
        "Profit": -65,
        "Profit before tax": 14592,
        "Present corporate income tax expenses": 191,
        "Deferred income taxes expenses": "N/A",
        "The interests of minority shareholders": "N/A",
        "Total Cost of profits": 191,
        "Profit after tax corporate income": 14402,
        "Volume": 15971735,
        "Close of Quarter": 15.8,
        "EPS": 1572.9,
        "Non-adjusted EPS": 4924,
        "PE": 3.2,
        "Book Price": 5.0
      }
    },
    {
      "quarter": "Q2 2009",
      "income status": {
        "Net sales": 128003,
        "Cost of goods sold": 118204,
        "Gross Profit": 9799,
        "Financial expenses": 3046,
        "Of which: Interest expense": "N/A",
        "Cost of sales": 4601,
        "Enterprise cost management": 11984,
        "Total Operating Expenses": 19631,
        "Total revenue financing activities": 382,
        "Net profit from business activities": -9451,
        "Profit": -38,
        "Profit before tax": 9368,
        "Present corporate income tax expenses": 114,
        "Deferred income taxes expenses": "N/A",
        "The interests of minority shareholders": "N/A",
        "Total Cost of profits": 114,
        "Profit after tax corporate income": 9254,
        "Volume": 14519998,
        "Close of Quarter": 14.0,
        "EPS": 1576.6,
        "Non-adjusted EPS": 5429,
        "PE": 2.6,
        "Book Price": 5.1
      }
    },
    {
      "quarter": "Q1 2009",
      "income status": {
        "Net sales": 93074,
        "Cost of goods sold": 80136,
        "Gross Profit": 12937,
        "Financial expenses": 1641,
        "Of which: Interest expense": "N/A",
        "Cost of sales": 5591,
        "Enterprise cost management": 11228,
        "Total Operating Expenses": 18460,
        "Total revenue financing activities": 1684,
        "Net profit from business activities": -3839,
        "Profit": -65,
        "Profit before tax": 16706,
        "Present corporate income tax expenses": 192,
        "Deferred income taxes expenses": "N/A",
        "The interests of minority shareholders": "N/A",
        "Total Cost of profits": 192,
        "Profit after tax corporate income": 16513,
        "Volume": 14519998,
        "Close of Quarter": 9.3,
        "EPS": 1680.5,
        "Non-adjusted EPS": 5787,
        "PE": 1.6,
        "Book Price": 5.0
      }
    },
    {
      "quarter": "Q4 2008",
      "income status": {
        "Net sales": 119278,
        "Cost of goods sold": 91817,
        "Gross Profit": 27461,
        "Financial expenses": -3665,
        "Of which: Interest expense": "N/A",
        "Cost of sales": 15417,
        "Enterprise cost management": 27586,
        "Total Operating Expenses": 39338,
        "Total revenue financing activities": -34066,
        "Net profit from business activities": -45943,
        "Profit": -243,
        "Profit before tax": 38084,
        "Present corporate income tax expenses": -395,
        "Deferred income taxes expenses": "N/A",
        "The interests of minority shareholders": "N/A",
        "Total Cost of profits": -395,
        "Profit after tax corporate income": 38480,
        "Volume": 14519998,
        "Close of Quarter": 8.0,
        "EPS": 1658.2,
        "Non-adjusted EPS": 5710,
        "PE": 1.4,
        "Book Price": 4.7
      }
    },
    {
      "quarter": "Q3 2008",
      "income status": {
        "Net sales": 120544,
        "Cost of goods sold": 91977,
        "Gross Profit": 28567,
        "Financial expenses": 3742,
        "Of which: Interest expense": "N/A",
        "Cost of sales": 19236,
        "Enterprise cost management": 9811,
        "Total Operating Expenses": 32789,
        "Total revenue financing activities": 19169,
        "Net profit from business activities": 14947,
        "Profit": -48,
        "Profit before tax": 14899,
        "Present corporate income tax expenses": 318,
        "Deferred income taxes expenses": "N/A",
        "The interests of minority shareholders": "N/A",
        "Total Cost of profits": 318,
        "Profit after tax corporate income": 14581,
        "Volume": 14519998,
        "Close of Quarter": 14.3,
        "EPS": 693.5,
        "Non-adjusted EPS": 2388,
        "PE": 6,
        "Book Price": 4.0
      }
    },
    {
      "quarter": "Q2 2008",
      "income status": {
        "Net sales": 74349,
        "Cost of goods sold": 62328,
        "Gross Profit": 12021,
        "Financial expenses": 5598,
        "Of which: Interest expense": "N/A",
        "Cost of sales": 6203,
        "Enterprise cost management": 7092,
        "Total Operating Expenses": 18893,
        "Total revenue financing activities": 21080,
        "Net profit from business activities": 14208,
        "Profit": 439,
        "Profit before tax": 14648,
        "Present corporate income tax expenses": 190,
        "Deferred income taxes expenses": "N/A",
        "The interests of minority shareholders": "N/A",
        "Total Cost of profits": 190,
        "Profit after tax corporate income": 14457,
        "Volume": 12000000,
        "Close of Quarter": 7.9,
        "EPS": 551.5,
        "Non-adjusted EPS": 2298,
        "PE": 3.5,
        "Book Price": 4.0
      }
    },
    {
      "quarter": "Q1 2008",
      "income status": {
        "Net sales": 105149,
        "Cost of goods sold": 74736,
        "Gross Profit": 30413,
        "Financial expenses": 4385,
        "Of which: Interest expense": "N/A",
        "Cost of sales": 17503,
        "Enterprise cost management": 8443,
        "Total Operating Expenses": 30331,
        "Total revenue financing activities": 16472,
        "Net profit from business activities": 16554,
        "Profit": 36,
        "Profit before tax": 16590,
        "Present corporate income tax expenses": 1193,
        "Deferred income taxes expenses": "N/A",
        "The interests of minority shareholders": "N/A",
        "Total Cost of profits": 1193,
        "Profit after tax corporate income": 15397,
        "Volume": 12000000,
        "Close of Quarter": 15.9,
        "EPS": 262.3,
        "Non-adjusted EPS": 1093,
        "PE": 14.5,
        "Book Price": 3.7
      }
    },
    {
      "quarter": "Q4 2007",
      "income status": {
        "Net sales": 119252,
        "Cost of goods sold": 82100,
        "Gross Profit": 37152,
        "Financial expenses": 4155,
        "Of which: Interest expense": "N/A",
        "Cost of sales": 25589,
        "Enterprise cost management": 11049,
        "Total Operating Expenses": 40793,
        "Total revenue financing activities": 13376,
        "Net profit from business activities": 9735,
        "Profit": 237,
        "Profit before tax": -9764,
        "Present corporate income tax expenses": "N/A",
        "Deferred income taxes expenses": "N/A",
        "The interests of minority shareholders": "N/A",
        "Total Cost of profits": 0,
        "Profit after tax corporate income": -9764,
        "Volume": 12000000,
        "Close of Quarter": 43.0,
        "EPS": -45.6,
        "Non-adjusted EPS": -190,
        "PE": -226.4,
        "Book Price": 3.4
      }
    },
    {
      "quarter": "Q3 2007",
      "income status": {
        "Net sales": 91683,
        "Cost of goods sold": 81371,
        "Gross Profit": 10312,
        "Financial expenses": 2438,
        "Of which: Interest expense": "N/A",
        "Cost of sales": 6153,
        "Enterprise cost management": 5149,
        "Total Operating Expenses": 13740,
        "Total revenue financing activities": 12998,
        "Net profit from business activities": 9569,
        "Profit": -2082,
        "Profit before tax": 7488,
        "Present corporate income tax expenses": "N/A",
        "Deferred income taxes expenses": "N/A",
        "The interests of minority shareholders": "N/A",
        "Total Cost of profits": 0,
        "Profit after tax corporate income": 7488,
        "Volume": 12000000,
        "Close of Quarter": "N/A",
        "EPS": 149.8,
        "Non-adjusted EPS": 624,
        "PE": "N/A",
        "Book Price": 3.7
      }
    }
  ]
}