{
  "ticker": "SCR",
  "data": [
    {
      "quarter": "Q1 2017",
      "income status": {
        "Net sales": 276001,
        "Cost of goods sold": 205243,
        "Gross Profit": 70758,
        "Financial expenses": 65247,
        "Of which: Interest expense": 22946,
        "Cost of sales": 16996,
        "Enterprise cost management": 24022,
        "Total Operating Expenses": 106265,
        "Total revenue financing activities": 48039,
        "Net profit from business activities": 15205,
        "Profit": 1235,
        "Profit before tax": 16440,
        "Present corporate income tax expenses": 10123,
        "Deferred income taxes expenses": "N/A",
        "The interests of minority shareholders": -167,
        "Total Cost of profits": 9956,
        "Profit after tax corporate income": 6484,
        "Volume": 227920620,
        "Close of Quarter": 8.0,
        "EPS": 764,
        "Non-adjusted EPS": 764,
        "PE": 10.5,
        "Book Price": 14.2
      }
    },
    {
      "quarter": "Q4 2016",
      "income status": {
        "Net sales": 368179,
        "Cost of goods sold": 275238,
        "Gross Profit": 92942,
        "Financial expenses": 14248,
        "Of which: Interest expense": 13472,
        "Cost of sales": 41517,
        "Enterprise cost management": 45559,
        "Total Operating Expenses": 101324,
        "Total revenue financing activities": 37964,
        "Net profit from business activities": 31011,
        "Profit": 24353,
        "Profit before tax": 55364,
        "Present corporate income tax expenses": 39943,
        "Deferred income taxes expenses": -2834,
        "The interests of minority shareholders": 5504,
        "Total Cost of profits": 42613,
        "Profit after tax corporate income": 12751,
        "Volume": 217069134,
        "Close of Quarter": 8.6,
        "EPS": 761.0,
        "Non-adjusted EPS": 799,
        "PE": 10.8,
        "Book Price": 14.3
      }
    },
    {
      "quarter": "Q3 2016",
      "income status": {
        "Net sales": 238671,
        "Cost of goods sold": 124060,
        "Gross Profit": 114611,
        "Financial expenses": 8772,
        "Of which: Interest expense": 8318,
        "Cost of sales": 12966,
        "Enterprise cost management": 25259,
        "Total Operating Expenses": 46997,
        "Total revenue financing activities": 61051,
        "Net profit from business activities": 128665,
        "Profit": -7867,
        "Profit before tax": 120798,
        "Present corporate income tax expenses": 36,
        "Deferred income taxes expenses": -3152,
        "The interests of minority shareholders": 346,
        "Total Cost of profits": -2770,
        "Profit after tax corporate income": 123568,
        "Volume": 217069134,
        "Close of Quarter": 9.2,
        "EPS": 822.9,
        "Non-adjusted EPS": 864,
        "PE": 10.7,
        "Book Price": 14.3
      }
    },
    {
      "quarter": "Q2 2016",
      "income status": {
        "Net sales": 141592,
        "Cost of goods sold": 80070,
        "Gross Profit": 61522,
        "Financial expenses": 12313,
        "Of which: Interest expense": 9524,
        "Cost of sales": 244,
        "Enterprise cost management": 25361,
        "Total Operating Expenses": 37918,
        "Total revenue financing activities": 18857,
        "Net profit from business activities": 41128,
        "Profit": -307,
        "Profit before tax": 40821,
        "Present corporate income tax expenses": 21479,
        "Deferred income taxes expenses": -11823,
        "The interests of minority shareholders": -122,
        "Total Cost of profits": 9534,
        "Profit after tax corporate income": 31287,
        "Volume": 217069134,
        "Close of Quarter": 9.2,
        "EPS": 301.9,
        "Non-adjusted EPS": 317,
        "PE": 29.2,
        "Book Price": 13.7
      }
    },
    {
      "quarter": "Q1 2016",
      "income status": {
        "Net sales": 26148,
        "Cost of goods sold": 7476,
        "Gross Profit": 18672,
        "Financial expenses": 5075,
        "Of which: Interest expense": 7349,
        "Cost of sales": 6112,
        "Enterprise cost management": 21702,
        "Total Operating Expenses": 32889,
        "Total revenue financing activities": 16013,
        "Net profit from business activities": 4177,
        "Profit": 2647,
        "Profit before tax": 6824,
        "Present corporate income tax expenses": 318,
        "Deferred income taxes expenses": "N/A",
        "The interests of minority shareholders": 598,
        "Total Cost of profits": 916,
        "Profit after tax corporate income": 5909,
        "Volume": 217069134,
        "Close of Quarter": 8.3,
        "EPS": 790.5,
        "Non-adjusted EPS": 830,
        "PE": 10.0,
        "Book Price": 13.4
      }
    },
    {
      "quarter": "Q4 2015",
      "income status": {
        "Net sales": 60671,
        "Cost of goods sold": 58195,
        "Gross Profit": 2476,
        "Financial expenses": 7220,
        "Of which: Interest expense": 6867,
        "Cost of sales": 2336,
        "Enterprise cost management": 18553,
        "Total Operating Expenses": 28109,
        "Total revenue financing activities": 39799,
        "Net profit from business activities": 15568,
        "Profit": -7837,
        "Profit before tax": 7731,
        "Present corporate income tax expenses": 7599,
        "Deferred income taxes expenses": -25946,
        "The interests of minority shareholders": -626,
        "Total Cost of profits": -18973,
        "Profit after tax corporate income": 26704,
        "Volume": 217069134,
        "Close of Quarter": 8.3,
        "EPS": 774.3,
        "Non-adjusted EPS": 813,
        "PE": 10.2,
        "Book Price": 13.2
      }
    },
    {
      "quarter": "Q3 2015",
      "income status": {
        "Net sales": 30331,
        "Cost of goods sold": 32784,
        "Gross Profit": -2453,
        "Financial expenses": 3230,
        "Of which: Interest expense": 4748,
        "Cost of sales": 11181,
        "Enterprise cost management": 21206,
        "Total Operating Expenses": 35617,
        "Total revenue financing activities": 41366,
        "Net profit from business activities": 5013,
        "Profit": -57,
        "Profit before tax": 4956,
        "Present corporate income tax expenses": 38,
        "Deferred income taxes expenses": "N/A",
        "The interests of minority shareholders": 17,
        "Total Cost of profits": 55,
        "Profit after tax corporate income": 4901,
        "Volume": 187686045,
        "Close of Quarter": 7.3,
        "EPS": 694.2,
        "Non-adjusted EPS": 843,
        "PE": 8.7,
        "Book Price": 12.1
      }
    },
    {
      "quarter": "Q2 2015",
      "income status": {
        "Net sales": 37042,
        "Cost of goods sold": 25477,
        "Gross Profit": 11565,
        "Financial expenses": 234063,
        "Of which: Interest expense": -1986,
        "Cost of sales": 10984,
        "Enterprise cost management": 39312,
        "Total Operating Expenses": 284359,
        "Total revenue financing activities": 140429,
        "Net profit from business activities": -108459,
        "Profit": 288027,
        "Profit before tax": 179568,
        "Present corporate income tax expenses": 12896,
        "Deferred income taxes expenses": 24233,
        "The interests of minority shareholders": -255,
        "Total Cost of profits": 36874,
        "Profit after tax corporate income": 142694,
        "Volume": 187686045,
        "Close of Quarter": 7.7,
        "EPS": 686.0,
        "Non-adjusted EPS": 833,
        "PE": 9.3,
        "Book Price": 12.0
      }
    },
    {
      "quarter": "Q1 2015",
      "income status": {
        "Net sales": 30854,
        "Cost of goods sold": 24103,
        "Gross Profit": 6751,
        "Financial expenses": 18797,
        "Of which: Interest expense": 28309,
        "Cost of sales": 4220,
        "Enterprise cost management": 18525,
        "Total Operating Expenses": 41542,
        "Total revenue financing activities": 24927,
        "Net profit from business activities": -11307,
        "Profit": 14429,
        "Profit before tax": 3122,
        "Present corporate income tax expenses": 193,
        "Deferred income taxes expenses": 727,
        "The interests of minority shareholders": 25,
        "Total Cost of profits": 945,
        "Profit after tax corporate income": 2176,
        "Volume": 150148891,
        "Close of Quarter": 6.5,
        "EPS": 64.6,
        "Non-adjusted EPS": 98,
        "PE": 66.6,
        "Book Price": 11.5
      }
    },
    {
      "quarter": "Q4 2014",
      "income status": {
        "Net sales": 118429,
        "Cost of goods sold": 115249,
        "Gross Profit": 3180,
        "Financial expenses": 31312,
        "Of which: Interest expense": 22092,
        "Cost of sales": -3693,
        "Enterprise cost management": 33462,
        "Total Operating Expenses": 61081,
        "Total revenue financing activities": 13394,
        "Net profit from business activities": -57843,
        "Profit": 76286,
        "Profit before tax": 18443,
        "Present corporate income tax expenses": 6990,
        "Deferred income taxes expenses": 2904,
        "The interests of minority shareholders": 190,
        "Total Cost of profits": 10084,
        "Profit after tax corporate income": 8358,
        "Volume": 150148891,
        "Close of Quarter": 8.3,
        "EPS": 116.6,
        "Non-adjusted EPS": 177,
        "PE": 47.1,
        "Book Price": 10.2
      }
    },
    {
      "quarter": "Q3 2014",
      "income status": {
        "Net sales": 79514,
        "Cost of goods sold": 82461,
        "Gross Profit": -2948,
        "Financial expenses": 32762,
        "Of which: Interest expense": 26917,
        "Cost of sales": 4966,
        "Enterprise cost management": 23743,
        "Total Operating Expenses": 61471,
        "Total revenue financing activities": 16850,
        "Net profit from business activities": -49378,
        "Profit": 52669,
        "Profit before tax": 3291,
        "Present corporate income tax expenses": -735,
        "Deferred income taxes expenses": 1599,
        "The interests of minority shareholders": -654,
        "Total Cost of profits": 210,
        "Profit after tax corporate income": 3081,
        "Volume": 150148891,
        "Close of Quarter": 8.8,
        "EPS": 143.6,
        "Non-adjusted EPS": 218,
        "PE": 40.4,
        "Book Price": 10.2
      }
    },
    {
      "quarter": "Q2 2014",
      "income status": {
        "Net sales": 158597,
        "Cost of goods sold": 125961,
        "Gross Profit": 32636,
        "Financial expenses": 30996,
        "Of which: Interest expense": 30831,
        "Cost of sales": 6991,
        "Enterprise cost management": 30928,
        "Total Operating Expenses": 68915,
        "Total revenue financing activities": 48250,
        "Net profit from business activities": 5490,
        "Profit": 1176,
        "Profit before tax": 6666,
        "Present corporate income tax expenses": 4835,
        "Deferred income taxes expenses": -1669,
        "The interests of minority shareholders": 2370,
        "Total Cost of profits": 5536,
        "Profit after tax corporate income": 1130,
        "Volume": 150148891,
        "Close of Quarter": 7.3,
        "EPS": 342.6,
        "Non-adjusted EPS": 520,
        "PE": 14.1,
        "Book Price": 10.2
      }
    },
    {
      "quarter": "Q1 2014",
      "income status": {
        "Net sales": 331921,
        "Cost of goods sold": 229803,
        "Gross Profit": 102118,
        "Financial expenses": 36491,
        "Of which: Interest expense": 37043,
        "Cost of sales": 35118,
        "Enterprise cost management": 23780,
        "Total Operating Expenses": 95389,
        "Total revenue financing activities": 22543,
        "Net profit from business activities": 26790,
        "Profit": 1219,
        "Profit before tax": 28010,
        "Present corporate income tax expenses": 9608,
        "Deferred income taxes expenses": 3845,
        "The interests of minority shareholders": 585,
        "Total Cost of profits": 14038,
        "Profit after tax corporate income": 13971,
        "Volume": 150148891,
        "Close of Quarter": 10.0,
        "EPS": 90.3,
        "Non-adjusted EPS": 137,
        "PE": 73.1,
        "Book Price": 10.0
      }
    },
    {
      "quarter": "Q4 2013",
      "income status": {
        "Net sales": 512004,
        "Cost of goods sold": 376699,
        "Gross Profit": 135305,
        "Financial expenses": 76283,
        "Of which: Interest expense": 40363,
        "Cost of sales": 32434,
        "Enterprise cost management": -19073,
        "Total Operating Expenses": 89644,
        "Total revenue financing activities": 25275,
        "Net profit from business activities": 70936,
        "Profit": 78,
        "Profit before tax": 56118,
        "Present corporate income tax expenses": 18673,
        "Deferred income taxes expenses": 22885,
        "The interests of minority shareholders": 39,
        "Total Cost of profits": 41597,
        "Profit after tax corporate income": 14522,
        "Volume": 150148891,
        "Close of Quarter": 6.6,
        "EPS": 34.9,
        "Non-adjusted EPS": 53,
        "PE": 124.0,
        "Book Price": 10.0
      }
    },
    {
      "quarter": "Q3 2013",
      "income status": {
        "Net sales": 186452,
        "Cost of goods sold": 164428,
        "Gross Profit": 22024,
        "Financial expenses": 15617,
        "Of which: Interest expense": 12139,
        "Cost of sales": 23502,
        "Enterprise cost management": 32403,
        "Total Operating Expenses": 71522,
        "Total revenue financing activities": 106943,
        "Net profit from business activities": 57445,
        "Profit": -1780,
        "Profit before tax": 62905,
        "Present corporate income tax expenses": 13984,
        "Deferred income taxes expenses": "N/A",
        "The interests of minority shareholders": 514,
        "Total Cost of profits": 14498,
        "Profit after tax corporate income": 48407,
        "Volume": 150148891,
        "Close of Quarter": 5.1,
        "EPS": -105.4,
        "Non-adjusted EPS": -160,
        "PE": -31.9,
        "Book Price": 9.9
      }
    },
    {
      "quarter": "Q2 2013",
      "income status": {
        "Net sales": 193768,
        "Cost of goods sold": 177500,
        "Gross Profit": 16268,
        "Financial expenses": 110700,
        "Of which: Interest expense": 99655,
        "Cost of sales": 18151,
        "Enterprise cost management": 42908,
        "Total Operating Expenses": 171759,
        "Total revenue financing activities": 111620,
        "Net profit from business activities": -43870,
        "Profit": -509,
        "Profit before tax": -48809,
        "Present corporate income tax expenses": 5397,
        "Deferred income taxes expenses": 3523,
        "The interests of minority shareholders": -1369,
        "Total Cost of profits": 7551,
        "Profit after tax corporate income": -56359,
        "Volume": 142999861,
        "Close of Quarter": 6.0,
        "EPS": -296.8,
        "Non-adjusted EPS": -473,
        "PE": -12.6,
        "Book Price": 9.1
      }
    },
    {
      "quarter": "Q1 2013",
      "income status": {
        "Net sales": 201243,
        "Cost of goods sold": 173414,
        "Gross Profit": 27829,
        "Financial expenses": 23553,
        "Of which: Interest expense": 23283,
        "Cost of sales": 4685,
        "Enterprise cost management": 14544,
        "Total Operating Expenses": 42782,
        "Total revenue financing activities": 23616,
        "Net profit from business activities": 8663,
        "Profit": -2395,
        "Profit before tax": 2036,
        "Present corporate income tax expenses": 1777,
        "Deferred income taxes expenses": -1268,
        "The interests of minority shareholders": 137,
        "Total Cost of profits": 646,
        "Profit after tax corporate income": 1390,
        "Volume": 142999861,
        "Close of Quarter": 6.3,
        "EPS": -27.0,
        "Non-adjusted EPS": -43,
        "PE": -147.2,
        "Book Price": 9.9
      }
    },
    {
      "quarter": "Q4 2012",
      "income status": {
        "Net sales": 125350,
        "Cost of goods sold": 155105,
        "Gross Profit": -29756,
        "Financial expenses": 115158,
        "Of which: Interest expense": 62621,
        "Cost of sales": 18973,
        "Enterprise cost management": 37949,
        "Total Operating Expenses": 172080,
        "Total revenue financing activities": 194777,
        "Net profit from business activities": -7058,
        "Profit": -7636,
        "Profit before tax": -255,
        "Present corporate income tax expenses": 10086,
        "Deferred income taxes expenses": 10533,
        "The interests of minority shareholders": -3427,
        "Total Cost of profits": 17192,
        "Profit after tax corporate income": -17447,
        "Volume": 142999861,
        "Close of Quarter": 5.8,
        "EPS": 368.3,
        "Non-adjusted EPS": 587,
        "PE": 10.0,
        "Book Price": 9.9
      }
    },
    {
      "quarter": "Q3 2012",
      "income status": {
        "Net sales": 66541,
        "Cost of goods sold": 48664,
        "Gross Profit": 17877,
        "Financial expenses": 26587,
        "Of which: Interest expense": "N/A",
        "Cost of sales": 8056,
        "Enterprise cost management": 15639,
        "Total Operating Expenses": 50282,
        "Total revenue financing activities": 20596,
        "Net profit from business activities": -11810,
        "Profit": 19733,
        "Profit before tax": 5603,
        "Present corporate income tax expenses": 910,
        "Deferred income taxes expenses": "N/A",
        "The interests of minority shareholders": -145,
        "Total Cost of profits": 765,
        "Profit after tax corporate income": 4838,
        "Volume": 142999861,
        "Close of Quarter": 5.1,
        "EPS": 153.7,
        "Non-adjusted EPS": 245,
        "PE": 20.8,
        "Book Price": 10.0
      }
    },
    {
      "quarter": "Q2 2012",
      "income status": {
        "Net sales": 293110,
        "Cost of goods sold": 253389,
        "Gross Profit": 39720,
        "Financial expenses": 91206,
        "Of which: Interest expense": 52629,
        "Cost of sales": 11093,
        "Enterprise cost management": 18335,
        "Total Operating Expenses": 120634,
        "Total revenue financing activities": 133846,
        "Net profit from business activities": 52933,
        "Profit": 1810,
        "Profit before tax": 23134,
        "Present corporate income tax expenses": 23919,
        "Deferred income taxes expenses": -6148,
        "The interests of minority shareholders": 227,
        "Total Cost of profits": 17998,
        "Profit after tax corporate income": 5136,
        "Volume": 100000000,
        "Close of Quarter": 7.6,
        "EPS": 407.2,
        "Non-adjusted EPS": 928,
        "PE": 8.2,
        "Book Price": 9.9
      }
    },
    {
      "quarter": "Q1 2012",
      "income status": {
        "Net sales": 101811,
        "Cost of goods sold": 93271,
        "Gross Profit": 8540,
        "Financial expenses": 23202,
        "Of which: Interest expense": 69164,
        "Cost of sales": 2214,
        "Enterprise cost management": 16840,
        "Total Operating Expenses": 42256,
        "Total revenue financing activities": 38522,
        "Net profit from business activities": 4807,
        "Profit": 1261,
        "Profit before tax": 93773,
        "Present corporate income tax expenses": 2402,
        "Deferred income taxes expenses": "N/A",
        "The interests of minority shareholders": -12,
        "Total Cost of profits": 2390,
        "Profit after tax corporate income": 91384,
        "Volume": 100000000,
        "Close of Quarter": 5.5,
        "EPS": 460.7,
        "Non-adjusted EPS": 1050,
        "PE": 5.2,
        "Book Price": 10.8
      }
    },
    {
      "quarter": "Q4 2011",
      "income status": {
        "Net sales": 134140,
        "Cost of goods sold": 88438,
        "Gross Profit": 45702,
        "Financial expenses": 76747,
        "Of which: Interest expense": 85500,
        "Cost of sales": 5917,
        "Enterprise cost management": 79876,
        "Total Operating Expenses": 162540,
        "Total revenue financing activities": 83634,
        "Net profit from business activities": -33204,
        "Profit": 7849,
        "Profit before tax": -60346,
        "Present corporate income tax expenses": 4712,
        "Deferred income taxes expenses": "N/A",
        "The interests of minority shareholders": 1325,
        "Total Cost of profits": 6037,
        "Profit after tax corporate income": -66383,
        "Volume": 100000000,
        "Close of Quarter": 3.4,
        "EPS": 69.8,
        "Non-adjusted EPS": 159,
        "PE": 21.3,
        "Book Price": 10
      }
    },
    {
      "quarter": "Q3 2011",
      "income status": {
        "Net sales": 114053,
        "Cost of goods sold": 90464,
        "Gross Profit": 23589,
        "Financial expenses": 4640,
        "Of which: Interest expense": "N/A",
        "Cost of sales": 5378,
        "Enterprise cost management": 23317,
        "Total Operating Expenses": 33335,
        "Total revenue financing activities": 75874,
        "Net profit from business activities": 66128,
        "Profit": 1058,
        "Profit before tax": 63346,
        "Present corporate income tax expenses": 836,
        "Deferred income taxes expenses": "N/A",
        "The interests of minority shareholders": -161,
        "Total Cost of profits": 675,
        "Profit after tax corporate income": 62671,
        "Volume": 100000000,
        "Close of Quarter": 5.9,
        "EPS": 34.2,
        "Non-adjusted EPS": 78,
        "PE": 76.0,
        "Book Price": 10.2
      }
    },
    {
      "quarter": "Q2 2011",
      "income status": {
        "Net sales": 105166,
        "Cost of goods sold": 132414,
        "Gross Profit": -27249,
        "Financial expenses": 112063,
        "Of which: Interest expense": 78419,
        "Cost of sales": 12079,
        "Enterprise cost management": 21719,
        "Total Operating Expenses": 145861,
        "Total revenue financing activities": 239923,
        "Net profit from business activities": 66813,
        "Profit": 445,
        "Profit before tax": 37295,
        "Present corporate income tax expenses": 19954,
        "Deferred income taxes expenses": "N/A",
        "The interests of minority shareholders": 63,
        "Total Cost of profits": 20017,
        "Profit after tax corporate income": 17278,
        "Volume": 100000000,
        "Close of Quarter": 6.2,
        "EPS": 1712.4,
        "Non-adjusted EPS": 3903,
        "PE": 1.6,
        "Book Price": 9.7
      }
    },
    {
      "quarter": "Q1 2011",
      "income status": {
        "Net sales": 283941,
        "Cost of goods sold": 163433,
        "Gross Profit": 120508,
        "Financial expenses": 131601,
        "Of which: Interest expense": 51152,
        "Cost of sales": 10944,
        "Enterprise cost management": 19152,
        "Total Operating Expenses": 161697,
        "Total revenue financing activities": 48633,
        "Net profit from business activities": 7443,
        "Profit": -155,
        "Profit before tax": 4264,
        "Present corporate income tax expenses": 2016,
        "Deferred income taxes expenses": "N/A",
        "The interests of minority shareholders": -83,
        "Total Cost of profits": 1933,
        "Profit after tax corporate income": 2331,
        "Volume": 100000000,
        "Close of Quarter": 10.4,
        "EPS": 1774.7,
        "Non-adjusted EPS": 4045,
        "PE": 2.6,
        "Book Price": 9.8
      }
    },
    {
      "quarter": "Q4 2010",
      "income status": {
        "Net sales": 192683,
        "Cost of goods sold": 114871,
        "Gross Profit": 77812,
        "Financial expenses": 357529,
        "Of which: Interest expense": 141304,
        "Cost of sales": 23768,
        "Enterprise cost management": 21921,
        "Total Operating Expenses": 403218,
        "Total revenue financing activities": 47577,
        "Net profit from business activities": -277828,
        "Profit": 211777,
        "Profit before tax": -72192,
        "Present corporate income tax expenses": 2376,
        "Deferred income taxes expenses": "N/A",
        "The interests of minority shareholders": -89,
        "Total Cost of profits": 2287,
        "Profit after tax corporate income": -74479,
        "Volume": 100000000,
        "Close of Quarter": 18.1,
        "EPS": 1859.0,
        "Non-adjusted EPS": 4237,
        "PE": 4.3,
        "Book Price": 9.8
      }
    },
    {
      "quarter": "Q3 2010",
      "income status": {
        "Net sales": 284566,
        "Cost of goods sold": 297590,
        "Gross Profit": -13024,
        "Financial expenses": 1240,
        "Of which: Interest expense": 227,
        "Cost of sales": 7634,
        "Enterprise cost management": 19820,
        "Total Operating Expenses": 28694,
        "Total revenue financing activities": 905755,
        "Net profit from business activities": 864037,
        "Profit": -276227,
        "Profit before tax": 586519,
        "Present corporate income tax expenses": 142420,
        "Deferred income taxes expenses": "N/A",
        "The interests of minority shareholders": -1038,
        "Total Cost of profits": 141382,
        "Profit after tax corporate income": 445137,
        "Volume": 100000000,
        "Close of Quarter": "N/A",
        "EPS": 2098.5,
        "Non-adjusted EPS": 4783,
        "PE": "N/A",
        "Book Price": 10.1
      }
    },
    {
      "quarter": "Q2 2010",
      "income status": {
        "Net sales": 127480,
        "Cost of goods sold": 178581,
        "Gross Profit": -51101,
        "Financial expenses": 36209,
        "Of which: Interest expense": 1242,
        "Cost of sales": 3818,
        "Enterprise cost management": 24569,
        "Total Operating Expenses": 64596,
        "Total revenue financing activities": 244391,
        "Net profit from business activities": 128693,
        "Profit": -70338,
        "Profit before tax": 49238,
        "Present corporate income tax expenses": 21784,
        "Deferred income taxes expenses": -6,
        "The interests of minority shareholders": -4041,
        "Total Cost of profits": 17737,
        "Profit after tax corporate income": 31501,
        "Volume": 100000000,
        "Close of Quarter": "N/A",
        "EPS": 247.5,
        "Non-adjusted EPS": 564,
        "PE": "N/A",
        "Book Price": 7.9
      }
    },
    {
      "quarter": "Q1 2010",
      "income status": {
        "Net sales": 556259,
        "Cost of goods sold": 480206,
        "Gross Profit": 76053,
        "Financial expenses": 43375,
        "Of which: Interest expense": "N/A",
        "Cost of sales": 9357,
        "Enterprise cost management": 16556,
        "Total Operating Expenses": 69288,
        "Total revenue financing activities": 22404,
        "Net profit from business activities": 29169,
        "Profit": -4250,
        "Profit before tax": 28710,
        "Present corporate income tax expenses": 6609,
        "Deferred income taxes expenses": "N/A",
        "The interests of minority shareholders": 566,
        "Total Cost of profits": 7175,
        "Profit after tax corporate income": 21535,
        "Volume": 100000000,
        "Close of Quarter": "N/A",
        "EPS": 109.3,
        "Non-adjusted EPS": 249,
        "PE": "N/A",
        "Book Price": 8.9
      }
    },
    {
      "quarter": "Q4 2009",
      "income status": {
        "Net sales": 20669,
        "Cost of goods sold": 14650,
        "Gross Profit": 6019,
        "Financial expenses": 130553,
        "Of which: Interest expense": 137374,
        "Cost of sales": 9920,
        "Enterprise cost management": 15958,
        "Total Operating Expenses": 156431,
        "Total revenue financing activities": 145351,
        "Net profit from business activities": -5061,
        "Profit": -6261,
        "Profit before tax": -19176,
        "Present corporate income tax expenses": "N/A",
        "Deferred income taxes expenses": "N/A",
        "The interests of minority shareholders": 699,
        "Total Cost of profits": 699,
        "Profit after tax corporate income": -19875,
        "Volume": 100000000,
        "Close of Quarter": "N/A",
        "EPS": 14.5,
        "Non-adjusted EPS": 33,
        "PE": "N/A",
        "Book Price": "N/A"
      }
    },
    {
      "quarter": "Q3 2009",
      "income status": {
        "Net sales": 53838,
        "Cost of goods sold": 31385,
        "Gross Profit": 22453,
        "Financial expenses": 31098,
        "Of which: Interest expense": 25993,
        "Cost of sales": 13614,
        "Enterprise cost management": 25660,
        "Total Operating Expenses": 70372,
        "Total revenue financing activities": 64023,
        "Net profit from business activities": 16104,
        "Profit": -6004,
        "Profit before tax": 30674,
        "Present corporate income tax expenses": 7668,
        "Deferred income taxes expenses": "N/A",
        "The interests of minority shareholders": -207,
        "Total Cost of profits": 7461,
        "Profit after tax corporate income": 23212,
        "Volume": 100000000,
        "Close of Quarter": "N/A",
        "EPS": 101.8,
        "Non-adjusted EPS": 232,
        "PE": "N/A",
        "Book Price": "N/A"
      }
    }
  ]
}