{
  "ticker": "AAM",
  "data": [
    {
      "quarter": "Q1 2017",
      "income status": {
        "Net sales": 51190,
        "Cost of goods sold": 47616,
        "Gross Profit": 3574,
        "Financial expenses": 59,
        "Of which: Interest expense": "N/A",
        "Cost of sales": 840,
        "Enterprise cost management": 2267,
        "Total Operating Expenses": 3166,
        "Total revenue financing activities": 137,
        "Net profit from business activities": 545,
        "Profit": 36,
        "Profit before tax": 581,
        "Present corporate income tax expenses": 95,
        "Deferred income taxes expenses": "N/A",
        "The interests of minority shareholders": "N/A",
        "Total Cost of profits": 95,
        "Profit after tax corporate income": 487,
        "Volume": 10435840,
        "Close of Quarter": 10.2,
        "EPS": 228,
        "Non-adjusted EPS": 228,
        "PE": 44.7,
        "Book Price": 23
      }
    },
    {
      "quarter": "Q4 2016",
      "income status": {
        "Net sales": 75544,
        "Cost of goods sold": 72014,
        "Gross Profit": 3530,
        "Financial expenses": -175,
        "Of which: Interest expense": "N/A",
        "Cost of sales": 3302,
        "Enterprise cost management": 1938,
        "Total Operating Expenses": 5065,
        "Total revenue financing activities": 1964,
        "Net profit from business activities": 430,
        "Profit": 96,
        "Profit before tax": 525,
        "Present corporate income tax expenses": 94,
        "Deferred income taxes expenses": 66,
        "The interests of minority shareholders": "N/A",
        "Total Cost of profits": 160,
        "Profit after tax corporate income": 365,
        "Volume": 10435840,
        "Close of Quarter": 9.1,
        "EPS": 230,
        "Non-adjusted EPS": 230,
        "PE": 39.5,
        "Book Price": 23.5
      }
    },
    {
      "quarter": "Q3 2016",
      "income status": {
        "Net sales": 65104,
        "Cost of goods sold": 59727,
        "Gross Profit": 5377,
        "Financial expenses": 31,
        "Of which: Interest expense": 22,
        "Cost of sales": 3105,
        "Enterprise cost management": 1557,
        "Total Operating Expenses": 4693,
        "Total revenue financing activities": 51,
        "Net profit from business activities": 735,
        "Profit": 245,
        "Profit before tax": 980,
        "Present corporate income tax expenses": 184,
        "Deferred income taxes expenses": "N/A",
        "The interests of minority shareholders": "N/A",
        "Total Cost of profits": 184,
        "Profit after tax corporate income": 796,
        "Volume": 10435840,
        "Close of Quarter": 10.2,
        "EPS": 277,
        "Non-adjusted EPS": 277,
        "PE": 36.9,
        "Book Price": 23.5
      }
    },
    {
      "quarter": "Q2 2016",
      "income status": {
        "Net sales": 64279,
        "Cost of goods sold": 57451,
        "Gross Profit": 6829,
        "Financial expenses": 200,
        "Of which: Interest expense": 259,
        "Cost of sales": 4931,
        "Enterprise cost management": 2529,
        "Total Operating Expenses": 7660,
        "Total revenue financing activities": 1732,
        "Net profit from business activities": 900,
        "Profit": 23,
        "Profit before tax": 924,
        "Present corporate income tax expenses": 309,
        "Deferred income taxes expenses": -115,
        "The interests of minority shareholders": "N/A",
        "Total Cost of profits": 194,
        "Profit after tax corporate income": 730,
        "Volume": 10435840,
        "Close of Quarter": 10.4,
        "EPS": 277,
        "Non-adjusted EPS": 277,
        "PE": 37.6,
        "Book Price": 23.5
      }
    },
    {
      "quarter": "Q1 2016",
      "income status": {
        "Net sales": 69851,
        "Cost of goods sold": 64535,
        "Gross Profit": 5315,
        "Financial expenses": 595,
        "Of which: Interest expense": 457,
        "Cost of sales": 2553,
        "Enterprise cost management": 2291,
        "Total Operating Expenses": 5439,
        "Total revenue financing activities": 650,
        "Net profit from business activities": 526,
        "Profit": 26,
        "Profit before tax": 552,
        "Present corporate income tax expenses": 47,
        "Deferred income taxes expenses": "N/A",
        "The interests of minority shareholders": "N/A",
        "Total Cost of profits": 47,
        "Profit after tax corporate income": 505,
        "Volume": 10435840,
        "Close of Quarter": 10.4,
        "EPS": 233,
        "Non-adjusted EPS": 233,
        "PE": 44.6,
        "Book Price": 23.4
      }
    },
    {
      "quarter": "Q4 2015",
      "income status": {
        "Net sales": 82381,
        "Cost of goods sold": 76764,
        "Gross Profit": 5616,
        "Financial expenses": 445,
        "Of which: Interest expense": 425,
        "Cost of sales": 4234,
        "Enterprise cost management": 2675,
        "Total Operating Expenses": 7354,
        "Total revenue financing activities": 2717,
        "Net profit from business activities": 979,
        "Profit": 40,
        "Profit before tax": 1019,
        "Present corporate income tax expenses": 173,
        "Deferred income taxes expenses": -18,
        "The interests of minority shareholders": "N/A",
        "Total Cost of profits": 155,
        "Profit after tax corporate income": 863,
        "Volume": 10435840,
        "Close of Quarter": 9.9,
        "EPS": 248,
        "Non-adjusted EPS": 248,
        "PE": 40,
        "Book Price": 23.9
      }
    },
    {
      "quarter": "Q3 2015",
      "income status": {
        "Net sales": 103753,
        "Cost of goods sold": 94775,
        "Gross Profit": 8978,
        "Financial expenses": 235,
        "Of which: Interest expense": 212,
        "Cost of sales": 6675,
        "Enterprise cost management": 2212,
        "Total Operating Expenses": 9122,
        "Total revenue financing activities": 1026,
        "Net profit from business activities": 882,
        "Profit": 50,
        "Profit before tax": 932,
        "Present corporate income tax expenses": 142,
        "Deferred income taxes expenses": "N/A",
        "The interests of minority shareholders": "N/A",
        "Total Cost of profits": 142,
        "Profit after tax corporate income": 789,
        "Volume": 10435840,
        "Close of Quarter": 9.4,
        "EPS": 189,
        "Non-adjusted EPS": 189,
        "PE": 49.5,
        "Book Price": 23.9
      }
    },
    {
      "quarter": "Q2 2015",
      "income status": {
        "Net sales": 92927,
        "Cost of goods sold": 86057,
        "Gross Profit": 6870,
        "Financial expenses": 148,
        "Of which: Interest expense": 239,
        "Cost of sales": 5079,
        "Enterprise cost management": 2821,
        "Total Operating Expenses": 8048,
        "Total revenue financing activities": 1791,
        "Net profit from business activities": 613,
        "Profit": -235,
        "Profit before tax": 378,
        "Present corporate income tax expenses": 40,
        "Deferred income taxes expenses": 63,
        "The interests of minority shareholders": "N/A",
        "Total Cost of profits": 103,
        "Profit after tax corporate income": 275,
        "Volume": 10435840,
        "Close of Quarter": 11.5,
        "EPS": 138,
        "Non-adjusted EPS": 138,
        "PE": 83.5,
        "Book Price": 23.8
      }
    },
    {
      "quarter": "Q1 2015",
      "income status": {
        "Net sales": 70571,
        "Cost of goods sold": 62267,
        "Gross Profit": 8304,
        "Financial expenses": 557,
        "Of which: Interest expense": 170,
        "Cost of sales": 4998,
        "Enterprise cost management": 2409,
        "Total Operating Expenses": 7964,
        "Total revenue financing activities": 411,
        "Net profit from business activities": 750,
        "Profit": 25,
        "Profit before tax": 776,
        "Present corporate income tax expenses": 119,
        "Deferred income taxes expenses": "N/A",
        "The interests of minority shareholders": "N/A",
        "Total Cost of profits": 119,
        "Profit after tax corporate income": 657,
        "Volume": 10435840,
        "Close of Quarter": 11.5,
        "EPS": 723,
        "Non-adjusted EPS": 723,
        "PE": 15.9,
        "Book Price": 24.7
      }
    },
    {
      "quarter": "Q4 2014",
      "income status": {
        "Net sales": 96000,
        "Cost of goods sold": 85381,
        "Gross Profit": 10619,
        "Financial expenses": 276,
        "Of which: Interest expense": 143,
        "Cost of sales": 10110,
        "Enterprise cost management": 1846,
        "Total Operating Expenses": 12232,
        "Total revenue financing activities": 2104,
        "Net profit from business activities": 491,
        "Profit": 40,
        "Profit before tax": 531,
        "Present corporate income tax expenses": 145,
        "Deferred income taxes expenses": 129,
        "The interests of minority shareholders": "N/A",
        "Total Cost of profits": 274,
        "Profit after tax corporate income": 256,
        "Volume": 10435840,
        "Close of Quarter": 12.0,
        "EPS": 843,
        "Non-adjusted EPS": 843,
        "PE": 14.3,
        "Book Price": 24.7
      }
    },
    {
      "quarter": "Q3 2014",
      "income status": {
        "Net sales": 101567,
        "Cost of goods sold": 96487,
        "Gross Profit": 5080,
        "Financial expenses": 230,
        "Of which: Interest expense": "N/A",
        "Cost of sales": 3343,
        "Enterprise cost management": 1402,
        "Total Operating Expenses": 4975,
        "Total revenue financing activities": 514,
        "Net profit from business activities": 619,
        "Profit": -290,
        "Profit before tax": 329,
        "Present corporate income tax expenses": 75,
        "Deferred income taxes expenses": "N/A",
        "The interests of minority shareholders": "N/A",
        "Total Cost of profits": 75,
        "Profit after tax corporate income": 254,
        "Volume": 10435840,
        "Close of Quarter": 12.9,
        "EPS": 1205,
        "Non-adjusted EPS": 1205,
        "PE": 10.7,
        "Book Price": 24.7
      }
    },
    {
      "quarter": "Q2 2014",
      "income status": {
        "Net sales": 127131,
        "Cost of goods sold": 114910,
        "Gross Profit": 12220,
        "Financial expenses": 40,
        "Of which: Interest expense": 28,
        "Cost of sales": 5448,
        "Enterprise cost management": 3691,
        "Total Operating Expenses": 9179,
        "Total revenue financing activities": 5338,
        "Net profit from business activities": 8379,
        "Profit": 22,
        "Profit before tax": 8401,
        "Present corporate income tax expenses": 705,
        "Deferred income taxes expenses": 1318,
        "The interests of minority shareholders": "N/A",
        "Total Cost of profits": 2023,
        "Profit after tax corporate income": 6378,
        "Volume": 10435840,
        "Close of Quarter": 12.1,
        "EPS": 1367,
        "Non-adjusted EPS": 1367,
        "PE": 8.9,
        "Book Price": 24.6
      }
    },
    {
      "quarter": "Q1 2014",
      "income status": {
        "Net sales": 114320,
        "Cost of goods sold": 99134,
        "Gross Profit": 15186,
        "Financial expenses": 167,
        "Of which: Interest expense": 163,
        "Cost of sales": 10212,
        "Enterprise cost management": 3219,
        "Total Operating Expenses": 13598,
        "Total revenue financing activities": 687,
        "Net profit from business activities": 2275,
        "Profit": 179,
        "Profit before tax": 2453,
        "Present corporate income tax expenses": 543,
        "Deferred income taxes expenses": "N/A",
        "The interests of minority shareholders": "N/A",
        "Total Cost of profits": 543,
        "Profit after tax corporate income": 1910,
        "Volume": 10435840,
        "Close of Quarter": 13.3,
        "EPS": 920,
        "Non-adjusted EPS": 920,
        "PE": 14.4,
        "Book Price": 24.9
      }
    },
    {
      "quarter": "Q4 2013",
      "income status": {
        "Net sales": 153514,
        "Cost of goods sold": 137591,
        "Gross Profit": 15923,
        "Financial expenses": 113,
        "Of which: Interest expense": 64,
        "Cost of sales": 9202,
        "Enterprise cost management": 3953,
        "Total Operating Expenses": 13268,
        "Total revenue financing activities": 1783,
        "Net profit from business activities": 4438,
        "Profit": 109,
        "Profit before tax": 4547,
        "Present corporate income tax expenses": 1131,
        "Deferred income taxes expenses": -623,
        "The interests of minority shareholders": "N/A",
        "Total Cost of profits": 508,
        "Profit after tax corporate income": 4038,
        "Volume": 10435840,
        "Close of Quarter": 11.1,
        "EPS": 854,
        "Non-adjusted EPS": 854,
        "PE": 13.0,
        "Book Price": 24.8
      }
    },
    {
      "quarter": "Q3 2013",
      "income status": {
        "Net sales": 148790,
        "Cost of goods sold": 133827,
        "Gross Profit": 14963,
        "Financial expenses": 328,
        "Of which: Interest expense": 76,
        "Cost of sales": 10456,
        "Enterprise cost management": 2557,
        "Total Operating Expenses": 13341,
        "Total revenue financing activities": 851,
        "Net profit from business activities": 2473,
        "Profit": 118,
        "Profit before tax": 2591,
        "Present corporate income tax expenses": 652,
        "Deferred income taxes expenses": "N/A",
        "The interests of minority shareholders": "N/A",
        "Total Cost of profits": 652,
        "Profit after tax corporate income": 1939,
        "Volume": 9139864,
        "Close of Quarter": 14.1,
        "EPS": 651.6,
        "Non-adjusted EPS": 744,
        "PE": 18.9,
        "Book Price": 24.5
      }
    },
    {
      "quarter": "Q2 2013",
      "income status": {
        "Net sales": 120198,
        "Cost of goods sold": 102477,
        "Gross Profit": 17721,
        "Financial expenses": 505,
        "Of which: Interest expense": 152,
        "Cost of sales": 12522,
        "Enterprise cost management": 3059,
        "Total Operating Expenses": 16086,
        "Total revenue financing activities": 1045,
        "Net profit from business activities": 2679,
        "Profit": -318,
        "Profit before tax": 2361,
        "Present corporate income tax expenses": 1004,
        "Deferred income taxes expenses": "N/A",
        "The interests of minority shareholders": "N/A",
        "Total Cost of profits": 1004,
        "Profit after tax corporate income": 1714,
        "Volume": 9139864,
        "Close of Quarter": 14.6,
        "EPS": 604.3,
        "Non-adjusted EPS": 690,
        "PE": 21.2,
        "Book Price": 24.7
      }
    },
    {
      "quarter": "Q1 2013",
      "income status": {
        "Net sales": 110986,
        "Cost of goods sold": 97248,
        "Gross Profit": 13738,
        "Financial expenses": 246,
        "Of which: Interest expense": 77,
        "Cost of sales": 8870,
        "Enterprise cost management": 3330,
        "Total Operating Expenses": 12446,
        "Total revenue financing activities": 231,
        "Net profit from business activities": 1523,
        "Profit": 42,
        "Profit before tax": 1565,
        "Present corporate income tax expenses": 349,
        "Deferred income taxes expenses": "N/A",
        "The interests of minority shareholders": "N/A",
        "Total Cost of profits": 349,
        "Profit after tax corporate income": 1216,
        "Volume": 9139864,
        "Close of Quarter": 16.0,
        "EPS": 805.8,
        "Non-adjusted EPS": 920,
        "PE": 17.4,
        "Book Price": 24.6
      }
    },
    {
      "quarter": "Q4 2012",
      "income status": {
        "Net sales": 135695,
        "Cost of goods sold": 117093,
        "Gross Profit": 18602,
        "Financial expenses": 2706,
        "Of which: Interest expense": 63,
        "Cost of sales": 12487,
        "Enterprise cost management": 2730,
        "Total Operating Expenses": 17923,
        "Total revenue financing activities": 1451,
        "Net profit from business activities": 2129,
        "Profit": 361,
        "Profit before tax": 2490,
        "Present corporate income tax expenses": 562,
        "Deferred income taxes expenses": "N/A",
        "The interests of minority shareholders": "N/A",
        "Total Cost of profits": 562,
        "Profit after tax corporate income": 1928,
        "Volume": 9139864,
        "Close of Quarter": 16.5,
        "EPS": 1364.5,
        "Non-adjusted EPS": 1558,
        "PE": 10.6,
        "Book Price": 24.4
      }
    },
    {
      "quarter": "Q3 2012",
      "income status": {
        "Net sales": 97253,
        "Cost of goods sold": 89070,
        "Gross Profit": 8183,
        "Financial expenses": 37,
        "Of which: Interest expense": 20,
        "Cost of sales": 5389,
        "Enterprise cost management": 2317,
        "Total Operating Expenses": 7743,
        "Total revenue financing activities": 1363,
        "Net profit from business activities": 1803,
        "Profit": 57,
        "Profit before tax": 1860,
        "Present corporate income tax expenses": 407,
        "Deferred income taxes expenses": "N/A",
        "The interests of minority shareholders": "N/A",
        "Total Cost of profits": 407,
        "Profit after tax corporate income": 1453,
        "Volume": 9139864,
        "Close of Quarter": 16.0,
        "EPS": 2343.7,
        "Non-adjusted EPS": 2676,
        "PE": 6.0,
        "Book Price": 25.3
      }
    },
    {
      "quarter": "Q2 2012",
      "income status": {
        "Net sales": 132742,
        "Cost of goods sold": 119058,
        "Gross Profit": 13684,
        "Financial expenses": -342,
        "Of which: Interest expense": 77,
        "Cost of sales": 9614,
        "Enterprise cost management": 3414,
        "Total Operating Expenses": 12686,
        "Total revenue financing activities": 2904,
        "Net profit from business activities": 3901,
        "Profit": 159,
        "Profit before tax": 4061,
        "Present corporate income tax expenses": -580,
        "Deferred income taxes expenses": 833,
        "The interests of minority shareholders": "N/A",
        "Total Cost of profits": 253,
        "Profit after tax corporate income": 3808,
        "Volume": 9139864,
        "Close of Quarter": 16.9,
        "EPS": 3837.0,
        "Non-adjusted EPS": 4381,
        "PE": 3.9,
        "Book Price": 26.5
      }
    },
    {
      "quarter": "Q1 2012",
      "income status": {
        "Net sales": 119878,
        "Cost of goods sold": 107541,
        "Gross Profit": 12337,
        "Financial expenses": 834,
        "Of which: Interest expense": 179,
        "Cost of sales": 4502,
        "Enterprise cost management": 3330,
        "Total Operating Expenses": 8666,
        "Total revenue financing activities": 1985,
        "Net profit from business activities": 5656,
        "Profit": 3747,
        "Profit before tax": 9403,
        "Present corporate income tax expenses": 2355,
        "Deferred income taxes expenses": "N/A",
        "The interests of minority shareholders": "N/A",
        "Total Cost of profits": 2355,
        "Profit after tax corporate income": 7048,
        "Volume": 9139864,
        "Close of Quarter": 15.2,
        "EPS": 5321.5,
        "Non-adjusted EPS": 6076,
        "PE": 2.5,
        "Book Price": 27.2
      }
    },
    {
      "quarter": "Q4 2011",
      "income status": {
        "Net sales": 150945,
        "Cost of goods sold": 133971,
        "Gross Profit": 16973,
        "Financial expenses": 1333,
        "Of which: Interest expense": 276,
        "Cost of sales": 4449,
        "Enterprise cost management": 3994,
        "Total Operating Expenses": 9776,
        "Total revenue financing activities": 2394,
        "Net profit from business activities": 9591,
        "Profit": 136,
        "Profit before tax": 78185,
        "Present corporate income tax expenses": -2422,
        "Deferred income taxes expenses": "N/A",
        "The interests of minority shareholders": "N/A",
        "Total Cost of profits": -2422,
        "Profit after tax corporate income": 12149,
        "Volume": 9139864,
        "Close of Quarter": 13.6,
        "EPS": 6076.4,
        "Non-adjusted EPS": 6938,
        "PE": 2.0,
        "Book Price": 27.4
      }
    },
    {
      "quarter": "Q3 2011",
      "income status": {
        "Net sales": 170608,
        "Cost of goods sold": 133868,
        "Gross Profit": 36740,
        "Financial expenses": 897,
        "Of which: Interest expense": 239,
        "Cost of sales": 13665,
        "Enterprise cost management": 3342,
        "Total Operating Expenses": 17904,
        "Total revenue financing activities": 3798,
        "Net profit from business activities": 22635,
        "Profit": 90,
        "Profit before tax": 22725,
        "Present corporate income tax expenses": 5685,
        "Deferred income taxes expenses": "N/A",
        "The interests of minority shareholders": "N/A",
        "Total Cost of profits": 5685,
        "Profit after tax corporate income": 17040,
        "Volume": 9139864,
        "Close of Quarter": 13.9,
        "EPS": 5826.8,
        "Non-adjusted EPS": 6653,
        "PE": 2.1,
        "Book Price": 26.9
      }
    },
    {
      "quarter": "Q2 2011",
      "income status": {
        "Net sales": 191880,
        "Cost of goods sold": 161272,
        "Gross Profit": 30608,
        "Financial expenses": 2081,
        "Of which: Interest expense": 273,
        "Cost of sales": 7492,
        "Enterprise cost management": 3689,
        "Total Operating Expenses": 13262,
        "Total revenue financing activities": 8403,
        "Net profit from business activities": 25749,
        "Profit": 110,
        "Profit before tax": 25859,
        "Present corporate income tax expenses": 5088,
        "Deferred income taxes expenses": 1471,
        "The interests of minority shareholders": "N/A",
        "Total Cost of profits": 6559,
        "Profit after tax corporate income": 19300,
        "Volume": 10239864,
        "Close of Quarter": 11,
        "EPS": 4978.7,
        "Non-adjusted EPS": 5074,
        "PE": 2.2,
        "Book Price": 27.1
      }
    },
    {
      "quarter": "Q1 2011",
      "income status": {
        "Net sales": 125864,
        "Cost of goods sold": 97731,
        "Gross Profit": 28133,
        "Financial expenses": 829,
        "Of which: Interest expense": 226,
        "Cost of sales": 15394,
        "Enterprise cost management": 3184,
        "Total Operating Expenses": 19407,
        "Total revenue financing activities": 11198,
        "Net profit from business activities": 19923,
        "Profit": -49,
        "Profit before tax": 19874,
        "Present corporate income tax expenses": 4948,
        "Deferred income taxes expenses": "N/A",
        "The interests of minority shareholders": "N/A",
        "Total Cost of profits": 4948,
        "Profit after tax corporate income": 14926,
        "Volume": 10239864,
        "Close of Quarter": 10.7,
        "EPS": 4649.0,
        "Non-adjusted EPS": 4738,
        "PE": 2.3,
        "Book Price": 27.2
      }
    },
    {
      "quarter": "Q4 2010",
      "income status": {
        "Net sales": 145107,
        "Cost of goods sold": 121109,
        "Gross Profit": 23998,
        "Financial expenses": 4399,
        "Of which: Interest expense": 239,
        "Cost of sales": 12564,
        "Enterprise cost management": 2433,
        "Total Operating Expenses": 19396,
        "Total revenue financing activities": 6137,
        "Net profit from business activities": 10739,
        "Profit": 46,
        "Profit before tax": 10786,
        "Present corporate income tax expenses": 1243,
        "Deferred income taxes expenses": "N/A",
        "The interests of minority shareholders": "N/A",
        "Total Cost of profits": 1243,
        "Profit after tax corporate income": 9543,
        "Volume": 11339864,
        "Close of Quarter": 11.6,
        "EPS": 4351.9,
        "Non-adjusted EPS": 4005,
        "PE": 2.9,
        "Book Price": 27.8
      }
    },
    {
      "quarter": "Q3 2010",
      "income status": {
        "Net sales": 123097,
        "Cost of goods sold": "N/A",
        "Gross Profit": 24110,
        "Financial expenses": "N/A",
        "Of which: Interest expense": 140,
        "Cost of sales": "N/A",
        "Enterprise cost management": 3030,
        "Total Operating Expenses": 3030,
        "Total revenue financing activities": "N/A",
        "Net profit from business activities": 9290,
        "Profit": 148,
        "Profit before tax": 9438,
        "Present corporate income tax expenses": "N/A",
        "Deferred income taxes expenses": 1248,
        "The interests of minority shareholders": "N/A",
        "Total Cost of profits": 1248,
        "Profit after tax corporate income": 8190,
        "Volume": 11339864,
        "Close of Quarter": 11.8,
        "EPS": 4666.0,
        "Non-adjusted EPS": 4294,
        "PE": 2.8,
        "Book Price": 29.8
      }
    },
    {
      "quarter": "Q2 2010",
      "income status": {
        "Net sales": 129068,
        "Cost of goods sold": "N/A",
        "Gross Profit": 26657,
        "Financial expenses": "N/A",
        "Of which: Interest expense": 265,
        "Cost of sales": "N/A",
        "Enterprise cost management": 2421,
        "Total Operating Expenses": 2421,
        "Total revenue financing activities": "N/A",
        "Net profit from business activities": 18507,
        "Profit": 35,
        "Profit before tax": 18542,
        "Present corporate income tax expenses": "N/A",
        "Deferred income taxes expenses": 2682,
        "The interests of minority shareholders": "N/A",
        "Total Cost of profits": 2682,
        "Profit after tax corporate income": 15860,
        "Volume": 11339864,
        "Close of Quarter": 14.9,
        "EPS": 5276.7,
        "Non-adjusted EPS": 4856,
        "PE": 3.1,
        "Book Price": 30.0
      }
    },
    {
      "quarter": "Q1 2010",
      "income status": {
        "Net sales": 103130,
        "Cost of goods sold": "N/A",
        "Gross Profit": 19075,
        "Financial expenses": "N/A",
        "Of which: Interest expense": 108,
        "Cost of sales": "N/A",
        "Enterprise cost management": 2887,
        "Total Operating Expenses": 2887,
        "Total revenue financing activities": "N/A",
        "Net profit from business activities": 13614,
        "Profit": 88,
        "Profit before tax": 13702,
        "Present corporate income tax expenses": "N/A",
        "Deferred income taxes expenses": 1879,
        "The interests of minority shareholders": "N/A",
        "Total Cost of profits": 1879,
        "Profit after tax corporate income": 11823,
        "Volume": 11339864,
        "Close of Quarter": 15.0,
        "EPS": 5478.8,
        "Non-adjusted EPS": 5042,
        "PE": 3.0,
        "Book Price": 30.2
      }
    },
    {
      "quarter": "Q4 2009",
      "income status": {
        "Net sales": 95334,
        "Cost of goods sold": "N/A",
        "Gross Profit": 25932,
        "Financial expenses": "N/A",
        "Of which: Interest expense": 53,
        "Cost of sales": "N/A",
        "Enterprise cost management": 2444,
        "Total Operating Expenses": 2444,
        "Total revenue financing activities": "N/A",
        "Net profit from business activities": 15882,
        "Profit": -223,
        "Profit before tax": 15659,
        "Present corporate income tax expenses": "N/A",
        "Deferred income taxes expenses": 2843,
        "The interests of minority shareholders": "N/A",
        "Total Cost of profits": 2843,
        "Profit after tax corporate income": 12817,
        "Volume": 11339864,
        "Close of Quarter": 14.4,
        "EPS": 5121.3,
        "Non-adjusted EPS": 4713,
        "PE": 3.1,
        "Book Price": 30.2
      }
    },
    {
      "quarter": "Q3 2009",
      "income status": {
        "Net sales": 155531,
        "Cost of goods sold": "N/A",
        "Gross Profit": 31307,
        "Financial expenses": "N/A",
        "Of which: Interest expense": "N/A",
        "Cost of sales": "N/A",
        "Enterprise cost management": 2305,
        "Total Operating Expenses": 2305,
        "Total revenue financing activities": "N/A",
        "Net profit from business activities": 16167,
        "Profit": 42,
        "Profit before tax": 16209,
        "Present corporate income tax expenses": "N/A",
        "Deferred income taxes expenses": 1644,
        "The interests of minority shareholders": "N/A",
        "Total Cost of profits": 1644,
        "Profit after tax corporate income": 14565,
        "Volume": 8100000,
        "Close of Quarter": 17.6,
        "EPS": 2481.4,
        "Non-adjusted EPS": 3197,
        "PE": 5.5,
        "Book Price": 29.0
      }
    },
    {
      "quarter": "Q2 2009",
      "income status": {
        "Net sales": 120147,
        "Cost of goods sold": 99484,
        "Gross Profit": 20663,
        "Financial expenses": 20945,
        "Of which: Interest expense": 76,
        "Cost of sales": 7915,
        "Enterprise cost management": 2855,
        "Total Operating Expenses": 31715,
        "Total revenue financing activities": 33233,
        "Net profit from business activities": 22181,
        "Profit": -11,
        "Profit before tax": 22170,
        "Present corporate income tax expenses": 5209,
        "Deferred income taxes expenses": -1013,
        "The interests of minority shareholders": "N/A",
        "Total Cost of profits": 4196,
        "Profit after tax corporate income": 17974,
        "Volume": 8100000,
        "Close of Quarter": "N/A",
        "EPS": 1178.2,
        "Non-adjusted EPS": 1518,
        "PE": "N/A",
        "Book Price": 27.4
      }
    },
    {
      "quarter": "Q1 2009",
      "income status": {
        "Net sales": 92365,
        "Cost of goods sold": 75650,
        "Gross Profit": 16715,
        "Financial expenses": 3624,
        "Of which: Interest expense": 55,
        "Cost of sales": 9064,
        "Enterprise cost management": 2169,
        "Total Operating Expenses": 14857,
        "Total revenue financing activities": 6550,
        "Net profit from business activities": 8409,
        "Profit": 334,
        "Profit before tax": 8743,
        "Present corporate income tax expenses": 656,
        "Deferred income taxes expenses": "N/A",
        "The interests of minority shareholders": "N/A",
        "Total Cost of profits": 656,
        "Profit after tax corporate income": 8087,
        "Volume": 8100000,
        "Close of Quarter": "N/A",
        "EPS": -544.1,
        "Non-adjusted EPS": -701,
        "PE": "N/A",
        "Book Price": 27.7
      }
    },
    {
      "quarter": "Q4 2008",
      "income status": {
        "Net sales": 106595,
        "Cost of goods sold": 87394,
        "Gross Profit": 19201,
        "Financial expenses": 35576,
        "Of which: Interest expense": 23,
        "Cost of sales": 6878,
        "Enterprise cost management": 3732,
        "Total Operating Expenses": 46186,
        "Total revenue financing activities": 10536,
        "Net profit from business activities": -16449,
        "Profit": 1149,
        "Profit before tax": -15300,
        "Present corporate income tax expenses": -597,
        "Deferred income taxes expenses": 31,
        "The interests of minority shareholders": "N/A",
        "Total Cost of profits": -566,
        "Profit after tax corporate income": -14734,
        "Volume": 8100000,
        "Close of Quarter": "N/A",
        "EPS": -1319.5,
        "Non-adjusted EPS": -1700,
        "PE": "N/A",
        "Book Price": "N/A"
      }
    },
    {
      "quarter": "Q3 2008",
      "income status": {
        "Net sales": 96868,
        "Cost of goods sold": 76628,
        "Gross Profit": 20240,
        "Financial expenses": 10713,
        "Of which: Interest expense": "N/A",
        "Cost of sales": 12653,
        "Enterprise cost management": 1803,
        "Total Operating Expenses": 25169,
        "Total revenue financing activities": 5944,
        "Net profit from business activities": 1013,
        "Profit": 30,
        "Profit before tax": 1043,
        "Present corporate income tax expenses": 78,
        "Deferred income taxes expenses": "N/A",
        "The interests of minority shareholders": "N/A",
        "Total Cost of profits": 78,
        "Profit after tax corporate income": 965,
        "Volume": 8100000,
        "Close of Quarter": "N/A",
        "EPS": 92.4,
        "Non-adjusted EPS": 119,
        "PE": "N/A",
        "Book Price": "N/A"
      }
    }
  ]
}