{
  "ticker": "VC9",
  "data": [
    {
      "quarter": "Q1 2017",
      "income status": {
        "Net sales": 238546,
        "Cost of goods sold": 225122,
        "Gross Profit": 13424,
        "Financial expenses": 6041,
        "Of which: Interest expense": 6041,
        "Cost of sales": "N/A",
        "Enterprise cost management": 5471,
        "Total Operating Expenses": 11512,
        "Total revenue financing activities": 904,
        "Net profit from business activities": 2816,
        "Profit": -4,
        "Profit before tax": 2812,
        "Present corporate income tax expenses": 562,
        "Deferred income taxes expenses": "N/A",
        "The interests of minority shareholders": "N/A",
        "Total Cost of profits": 562,
        "Profit after tax corporate income": 2250,
        "Volume": 11695200,
        "Close of Quarter": 8.4,
        "EPS": 1292,
        "Non-adjusted EPS": 1292,
        "PE": 6.5,
        "Book Price": 15.4
      }
    },
    {
      "quarter": "Q4 2016",
      "income status": {
        "Net sales": 183998,
        "Cost of goods sold": 168292,
        "Gross Profit": 15706,
        "Financial expenses": 6207,
        "Of which: Interest expense": 6202,
        "Cost of sales": 60,
        "Enterprise cost management": 9041,
        "Total Operating Expenses": 15308,
        "Total revenue financing activities": 893,
        "Net profit from business activities": 1291,
        "Profit": 6468,
        "Profit before tax": 7759,
        "Present corporate income tax expenses": 798,
        "Deferred income taxes expenses": "N/A",
        "The interests of minority shareholders": "N/A",
        "Total Cost of profits": 798,
        "Profit after tax corporate income": 6961,
        "Volume": 11695200,
        "Close of Quarter": 8.6,
        "EPS": 1198,
        "Non-adjusted EPS": 1198,
        "PE": 7.2,
        "Book Price": 16.4
      }
    },
    {
      "quarter": "Q3 2016",
      "income status": {
        "Net sales": 238031,
        "Cost of goods sold": 223786,
        "Gross Profit": 14246,
        "Financial expenses": 6606,
        "Of which: Interest expense": 6606,
        "Cost of sales": 38,
        "Enterprise cost management": 6006,
        "Total Operating Expenses": 12650,
        "Total revenue financing activities": 915,
        "Net profit from business activities": 2511,
        "Profit": -10,
        "Profit before tax": 2500,
        "Present corporate income tax expenses": "N/A",
        "Deferred income taxes expenses": "N/A",
        "The interests of minority shareholders": "N/A",
        "Total Cost of profits": 0,
        "Profit after tax corporate income": 2500,
        "Volume": 11695200,
        "Close of Quarter": 8.5,
        "EPS": 807,
        "Non-adjusted EPS": 807,
        "PE": 10.6,
        "Book Price": 15.8
      }
    },
    {
      "quarter": "Q2 2016",
      "income status": {
        "Net sales": 264958,
        "Cost of goods sold": 249057,
        "Gross Profit": 15901,
        "Financial expenses": 6024,
        "Of which: Interest expense": 6000,
        "Cost of sales": 38,
        "Enterprise cost management": 6605,
        "Total Operating Expenses": 12667,
        "Total revenue financing activities": 927,
        "Net profit from business activities": 4161,
        "Profit": -756,
        "Profit before tax": 3404,
        "Present corporate income tax expenses": "N/A",
        "Deferred income taxes expenses": "N/A",
        "The interests of minority shareholders": "N/A",
        "Total Cost of profits": 0,
        "Profit after tax corporate income": 3404,
        "Volume": 11695200,
        "Close of Quarter": 8.1,
        "EPS": 156,
        "Non-adjusted EPS": 156,
        "PE": 51.8,
        "Book Price": 15.6
      }
    },
    {
      "quarter": "Q1 2016",
      "income status": {
        "Net sales": 161505,
        "Cost of goods sold": 149037,
        "Gross Profit": 12467,
        "Financial expenses": 5864,
        "Of which: Interest expense": 5864,
        "Cost of sales": 70,
        "Enterprise cost management": 7018,
        "Total Operating Expenses": 12952,
        "Total revenue financing activities": 945,
        "Net profit from business activities": 460,
        "Profit": 682,
        "Profit before tax": 1142,
        "Present corporate income tax expenses": "N/A",
        "Deferred income taxes expenses": "N/A",
        "The interests of minority shareholders": "N/A",
        "Total Cost of profits": 0,
        "Profit after tax corporate income": 1142,
        "Volume": 11695200,
        "Close of Quarter": 8.1,
        "EPS": 1269,
        "Non-adjusted EPS": 1269,
        "PE": 6.4,
        "Book Price": 15.3
      }
    },
    {
      "quarter": "Q4 2015",
      "income status": {
        "Net sales": 249583,
        "Cost of goods sold": 238523,
        "Gross Profit": 11060,
        "Financial expenses": 6324,
        "Of which: Interest expense": 6324,
        "Cost of sales": 58,
        "Enterprise cost management": 5668,
        "Total Operating Expenses": 12050,
        "Total revenue financing activities": 2242,
        "Net profit from business activities": 1251,
        "Profit": 1138,
        "Profit before tax": 2390,
        "Present corporate income tax expenses": "N/A",
        "Deferred income taxes expenses": "N/A",
        "The interests of minority shareholders": "N/A",
        "Total Cost of profits": 0,
        "Profit after tax corporate income": 2390,
        "Volume": 11695200,
        "Close of Quarter": 6.9,
        "EPS": 1297,
        "Non-adjusted EPS": 1297,
        "PE": 5.3,
        "Book Price": 16.6
      }
    },
    {
      "quarter": "Q3 2015",
      "income status": {
        "Net sales": 145536,
        "Cost of goods sold": 137485,
        "Gross Profit": 8050,
        "Financial expenses": 5985,
        "Of which: Interest expense": 5985,
        "Cost of sales": 38,
        "Enterprise cost management": 7834,
        "Total Operating Expenses": 13857,
        "Total revenue financing activities": 606,
        "Net profit from business activities": -5201,
        "Profit": 68,
        "Profit before tax": -5133,
        "Present corporate income tax expenses": "N/A",
        "Deferred income taxes expenses": "N/A",
        "The interests of minority shareholders": -20,
        "Total Cost of profits": -20,
        "Profit after tax corporate income": -5113,
        "Volume": 11695200,
        "Close of Quarter": 7.9,
        "EPS": 1204,
        "Non-adjusted EPS": 1204,
        "PE": 6.6,
        "Book Price": 16.1
      }
    },
    {
      "quarter": "Q2 2015",
      "income status": {
        "Net sales": 276544,
        "Cost of goods sold": 246008,
        "Gross Profit": 30536,
        "Financial expenses": 6469,
        "Of which: Interest expense": 6469,
        "Cost of sales": 27,
        "Enterprise cost management": 8287,
        "Total Operating Expenses": 14783,
        "Total revenue financing activities": 986,
        "Net profit from business activities": 16738,
        "Profit": -302,
        "Profit before tax": 16436,
        "Present corporate income tax expenses": "N/A",
        "Deferred income taxes expenses": "N/A",
        "The interests of minority shareholders": 11,
        "Total Cost of profits": 11,
        "Profit after tax corporate income": 16425,
        "Volume": 11695200,
        "Close of Quarter": 7.0,
        "EPS": 1684,
        "Non-adjusted EPS": 1684,
        "PE": 4.2,
        "Book Price": 16.5
      }
    },
    {
      "quarter": "Q1 2015",
      "income status": {
        "Net sales": 124808,
        "Cost of goods sold": 110937,
        "Gross Profit": 13871,
        "Financial expenses": 6208,
        "Of which: Interest expense": 6208,
        "Cost of sales": 31,
        "Enterprise cost management": 6851,
        "Total Operating Expenses": 13090,
        "Total revenue financing activities": 956,
        "Net profit from business activities": 1738,
        "Profit": -249,
        "Profit before tax": 1489,
        "Present corporate income tax expenses": "N/A",
        "Deferred income taxes expenses": "N/A",
        "The interests of minority shareholders": 18,
        "Total Cost of profits": 18,
        "Profit after tax corporate income": 1471,
        "Volume": 11695200,
        "Close of Quarter": 6.8,
        "EPS": 720,
        "Non-adjusted EPS": 720,
        "PE": 9.4,
        "Book Price": 16.1
      }
    },
    {
      "quarter": "Q4 2014",
      "income status": {
        "Net sales": 295871,
        "Cost of goods sold": 271195,
        "Gross Profit": 24675,
        "Financial expenses": 7889,
        "Of which: Interest expense": 6475,
        "Cost of sales": 2,
        "Enterprise cost management": 11648,
        "Total Operating Expenses": 19539,
        "Total revenue financing activities": 1027,
        "Net profit from business activities": 6164,
        "Profit": -1406,
        "Profit before tax": 4758,
        "Present corporate income tax expenses": 3448,
        "Deferred income taxes expenses": "N/A",
        "The interests of minority shareholders": 7,
        "Total Cost of profits": 3455,
        "Profit after tax corporate income": 1303,
        "Volume": 11695200,
        "Close of Quarter": 5.2,
        "EPS": 737,
        "Non-adjusted EPS": 737,
        "PE": 7.1,
        "Book Price": 16
      }
    },
    {
      "quarter": "Q3 2014",
      "income status": {
        "Net sales": 107843,
        "Cost of goods sold": 89665,
        "Gross Profit": 18178,
        "Financial expenses": 8660,
        "Of which: Interest expense": 6551,
        "Cost of sales": 253,
        "Enterprise cost management": 7723,
        "Total Operating Expenses": 16636,
        "Total revenue financing activities": 975,
        "Net profit from business activities": 2517,
        "Profit": -1292,
        "Profit before tax": 1225,
        "Present corporate income tax expenses": 696,
        "Deferred income taxes expenses": "N/A",
        "The interests of minority shareholders": 32,
        "Total Cost of profits": 728,
        "Profit after tax corporate income": 497,
        "Volume": 11695200,
        "Close of Quarter": 6.4,
        "EPS": 880,
        "Non-adjusted EPS": 880,
        "PE": 7.3,
        "Book Price": 15.9
      }
    },
    {
      "quarter": "Q2 2014",
      "income status": {
        "Net sales": 202934,
        "Cost of goods sold": 182479,
        "Gross Profit": 20455,
        "Financial expenses": 9770,
        "Of which: Interest expense": 9160,
        "Cost of sales": 26,
        "Enterprise cost management": 7296,
        "Total Operating Expenses": 17092,
        "Total revenue financing activities": 1054,
        "Net profit from business activities": 4416,
        "Profit": -701,
        "Profit before tax": 3716,
        "Present corporate income tax expenses": 2234,
        "Deferred income taxes expenses": "N/A",
        "The interests of minority shareholders": -3671,
        "Total Cost of profits": -1437,
        "Profit after tax corporate income": 5153,
        "Volume": 11695200,
        "Close of Quarter": 5.3,
        "EPS": 1163,
        "Non-adjusted EPS": 1163,
        "PE": 4.6,
        "Book Price": 15.9
      }
    },
    {
      "quarter": "Q1 2014",
      "income status": {
        "Net sales": 109564,
        "Cost of goods sold": 91475,
        "Gross Profit": 18088,
        "Financial expenses": 7200,
        "Of which: Interest expense": 7200,
        "Cost of sales": 292,
        "Enterprise cost management": 10028,
        "Total Operating Expenses": 17520,
        "Total revenue financing activities": 1100,
        "Net profit from business activities": 1668,
        "Profit": -26,
        "Profit before tax": 1642,
        "Present corporate income tax expenses": 113,
        "Deferred income taxes expenses": "N/A",
        "The interests of minority shareholders": -135,
        "Total Cost of profits": -22,
        "Profit after tax corporate income": 1664,
        "Volume": 11695200,
        "Close of Quarter": 6.2,
        "EPS": 874,
        "Non-adjusted EPS": 874,
        "PE": 7.1,
        "Book Price": 15.7
      }
    },
    {
      "quarter": "Q4 2013",
      "income status": {
        "Net sales": 123489,
        "Cost of goods sold": 97730,
        "Gross Profit": 25760,
        "Financial expenses": 9682,
        "Of which: Interest expense": 9682,
        "Cost of sales": 387,
        "Enterprise cost management": 10836,
        "Total Operating Expenses": 20905,
        "Total revenue financing activities": 1343,
        "Net profit from business activities": 6198,
        "Profit": -2819,
        "Profit before tax": 3379,
        "Present corporate income tax expenses": 393,
        "Deferred income taxes expenses": 345,
        "The interests of minority shareholders": -337,
        "Total Cost of profits": 401,
        "Profit after tax corporate income": 2979,
        "Volume": 11695200,
        "Close of Quarter": 4.4,
        "EPS": 886,
        "Non-adjusted EPS": 886,
        "PE": 5.0,
        "Book Price": 16.2
      }
    },
    {
      "quarter": "Q3 2013",
      "income status": {
        "Net sales": 260463,
        "Cost of goods sold": 239316,
        "Gross Profit": 21147,
        "Financial expenses": 9442,
        "Of which: Interest expense": 9442,
        "Cost of sales": "N/A",
        "Enterprise cost management": 7709,
        "Total Operating Expenses": 17151,
        "Total revenue financing activities": 1489,
        "Net profit from business activities": 5485,
        "Profit": 364,
        "Profit before tax": 5849,
        "Present corporate income tax expenses": "N/A",
        "Deferred income taxes expenses": 2613,
        "The interests of minority shareholders": -571,
        "Total Cost of profits": 2042,
        "Profit after tax corporate income": 3807,
        "Volume": 11695200,
        "Close of Quarter": 3.9,
        "EPS": 1359,
        "Non-adjusted EPS": 1359,
        "PE": 2.8,
        "Book Price": 16
      }
    },
    {
      "quarter": "Q2 2013",
      "income status": {
        "Net sales": 264560,
        "Cost of goods sold": 242651,
        "Gross Profit": 21908,
        "Financial expenses": 10343,
        "Of which: Interest expense": 10341,
        "Cost of sales": 203,
        "Enterprise cost management": 9115,
        "Total Operating Expenses": 19661,
        "Total revenue financing activities": 1595,
        "Net profit from business activities": 3842,
        "Profit": -574,
        "Profit before tax": 3268,
        "Present corporate income tax expenses": "N/A",
        "Deferred income taxes expenses": 1412,
        "The interests of minority shareholders": 83,
        "Total Cost of profits": 1495,
        "Profit after tax corporate income": 1773,
        "Volume": 11695200,
        "Close of Quarter": 4.3,
        "EPS": 1095,
        "Non-adjusted EPS": 1095,
        "PE": 3.9,
        "Book Price": 15.7
      }
    },
    {
      "quarter": "Q1 2013",
      "income status": {
        "Net sales": 149707,
        "Cost of goods sold": 133408,
        "Gross Profit": 16299,
        "Financial expenses": 10119,
        "Of which: Interest expense": 10119,
        "Cost of sales": "N/A",
        "Enterprise cost management": 6873,
        "Total Operating Expenses": 16992,
        "Total revenue financing activities": 2791,
        "Net profit from business activities": 2097,
        "Profit": -255,
        "Profit before tax": 1842,
        "Present corporate income tax expenses": "N/A",
        "Deferred income taxes expenses": "N/A",
        "The interests of minority shareholders": 37,
        "Total Cost of profits": 37,
        "Profit after tax corporate income": 1805,
        "Volume": 11695200,
        "Close of Quarter": 4.6,
        "EPS": 1528,
        "Non-adjusted EPS": 1528,
        "PE": 3.0,
        "Book Price": 15.5
      }
    },
    {
      "quarter": "Q4 2012",
      "income status": {
        "Net sales": 318864,
        "Cost of goods sold": 289035,
        "Gross Profit": 29829,
        "Financial expenses": 8714,
        "Of which: Interest expense": 8053,
        "Cost of sales": 336,
        "Enterprise cost management": 13468,
        "Total Operating Expenses": 22518,
        "Total revenue financing activities": 2694,
        "Net profit from business activities": 10005,
        "Profit": -434,
        "Profit before tax": 9572,
        "Present corporate income tax expenses": 239,
        "Deferred income taxes expenses": -261,
        "The interests of minority shareholders": 1085,
        "Total Cost of profits": 1063,
        "Profit after tax corporate income": 8508,
        "Volume": 11695200,
        "Close of Quarter": 3.0,
        "EPS": 1630,
        "Non-adjusted EPS": 1630,
        "PE": 1.9,
        "Book Price": 17
      }
    },
    {
      "quarter": "Q3 2012",
      "income status": {
        "Net sales": 215144,
        "Cost of goods sold": 201346,
        "Gross Profit": 13798,
        "Financial expenses": 4741,
        "Of which: Interest expense": 4692,
        "Cost of sales": 42,
        "Enterprise cost management": 9251,
        "Total Operating Expenses": 14034,
        "Total revenue financing activities": 2000,
        "Net profit from business activities": 1765,
        "Profit": -301,
        "Profit before tax": 1463,
        "Present corporate income tax expenses": -6597,
        "Deferred income taxes expenses": 7585,
        "The interests of minority shareholders": -249,
        "Total Cost of profits": 739,
        "Profit after tax corporate income": 725,
        "Volume": 11695200,
        "Close of Quarter": 3.1,
        "EPS": 1062,
        "Non-adjusted EPS": 1062,
        "PE": 3.0,
        "Book Price": 16
      }
    },
    {
      "quarter": "Q2 2012",
      "income status": {
        "Net sales": 207654,
        "Cost of goods sold": 179722,
        "Gross Profit": 27932,
        "Financial expenses": 6691,
        "Of which: Interest expense": 6067,
        "Cost of sales": 310,
        "Enterprise cost management": 11045,
        "Total Operating Expenses": 18046,
        "Total revenue financing activities": 1806,
        "Net profit from business activities": 11692,
        "Profit": -411,
        "Profit before tax": 11281,
        "Present corporate income tax expenses": 5454,
        "Deferred income taxes expenses": -602,
        "The interests of minority shareholders": -408,
        "Total Cost of profits": 4444,
        "Profit after tax corporate income": 6838,
        "Volume": 11695200,
        "Close of Quarter": 4.1,
        "EPS": 1103,
        "Non-adjusted EPS": 1103,
        "PE": 3.7,
        "Book Price": 16
      }
    },
    {
      "quarter": "Q1 2012",
      "income status": {
        "Net sales": 123421,
        "Cost of goods sold": 107863,
        "Gross Profit": 15558,
        "Financial expenses": 8860,
        "Of which: Interest expense": 8860,
        "Cost of sales": "N/A",
        "Enterprise cost management": 5948,
        "Total Operating Expenses": 14808,
        "Total revenue financing activities": 3338,
        "Net profit from business activities": 4087,
        "Profit": -213,
        "Profit before tax": 3875,
        "Present corporate income tax expenses": 1413,
        "Deferred income taxes expenses": -242,
        "The interests of minority shareholders": -292,
        "Total Cost of profits": 879,
        "Profit after tax corporate income": 2996,
        "Volume": 11695200,
        "Close of Quarter": 3.8,
        "EPS": 1373,
        "Non-adjusted EPS": 1373,
        "PE": 2.8,
        "Book Price": 15.4
      }
    },
    {
      "quarter": "Q4 2011",
      "income status": {
        "Net sales": 292835,
        "Cost of goods sold": 259978,
        "Gross Profit": 32857,
        "Financial expenses": 9343,
        "Of which: Interest expense": 8886,
        "Cost of sales": "N/A",
        "Enterprise cost management": 14987,
        "Total Operating Expenses": 24330,
        "Total revenue financing activities": 3791,
        "Net profit from business activities": 12317,
        "Profit": -2404,
        "Profit before tax": 9913,
        "Present corporate income tax expenses": 13082,
        "Deferred income taxes expenses": -5715,
        "The interests of minority shareholders": 684,
        "Total Cost of profits": 8051,
        "Profit after tax corporate income": 1863,
        "Volume": 11695200,
        "Close of Quarter": 3.0,
        "EPS": 1379,
        "Non-adjusted EPS": 1379,
        "PE": 2.2,
        "Book Price": 15.3
      }
    },
    {
      "quarter": "Q3 2011",
      "income status": {
        "Net sales": 114538,
        "Cost of goods sold": 100880,
        "Gross Profit": 13658,
        "Financial expenses": 10915,
        "Of which: Interest expense": 10915,
        "Cost of sales": "N/A",
        "Enterprise cost management": 7229,
        "Total Operating Expenses": 18144,
        "Total revenue financing activities": 5815,
        "Net profit from business activities": 1328,
        "Profit": 298,
        "Profit before tax": 1626,
        "Present corporate income tax expenses": 779,
        "Deferred income taxes expenses": "N/A",
        "The interests of minority shareholders": -358,
        "Total Cost of profits": 421,
        "Profit after tax corporate income": 1204,
        "Volume": 11695200,
        "Close of Quarter": 3.9,
        "EPS": 2640,
        "Non-adjusted EPS": 2640,
        "PE": 1.5,
        "Book Price": 16.3
      }
    },
    {
      "quarter": "Q2 2011",
      "income status": {
        "Net sales": 237714,
        "Cost of goods sold": 204572,
        "Gross Profit": 33142,
        "Financial expenses": 9393,
        "Of which: Interest expense": 9393,
        "Cost of sales": 901,
        "Enterprise cost management": 9775,
        "Total Operating Expenses": 20069,
        "Total revenue financing activities": 4603,
        "Net profit from business activities": 17675,
        "Profit": -272,
        "Profit before tax": 17403,
        "Present corporate income tax expenses": 8769,
        "Deferred income taxes expenses": -1239,
        "The interests of minority shareholders": -116,
        "Total Cost of profits": 7414,
        "Profit after tax corporate income": 9989,
        "Volume": 12000000,
        "Close of Quarter": 4.2,
        "EPS": 3076.1,
        "Non-adjusted EPS": 2998,
        "PE": 1.4,
        "Book Price": 16.2
      }
    },
    {
      "quarter": "Q1 2011",
      "income status": {
        "Net sales": 174049,
        "Cost of goods sold": 155706,
        "Gross Profit": 18342,
        "Financial expenses": 10319,
        "Of which: Interest expense": 10319,
        "Cost of sales": 106,
        "Enterprise cost management": 8239,
        "Total Operating Expenses": 18664,
        "Total revenue financing activities": 3275,
        "Net profit from business activities": 2953,
        "Profit": 1328,
        "Profit before tax": 4281,
        "Present corporate income tax expenses": 1148,
        "Deferred income taxes expenses": "N/A",
        "The interests of minority shareholders": 62,
        "Total Cost of profits": 1210,
        "Profit after tax corporate income": 3072,
        "Volume": 8000000,
        "Close of Quarter": 5.4,
        "EPS": 2718.4,
        "Non-adjusted EPS": 3974,
        "PE": 1.4,
        "Book Price": 15.9
      }
    },
    {
      "quarter": "Q4 2010",
      "income status": {
        "Net sales": 320385,
        "Cost of goods sold": 274090,
        "Gross Profit": 46295,
        "Financial expenses": 11096,
        "Of which: Interest expense": 10674,
        "Cost of sales": 400,
        "Enterprise cost management": 19265,
        "Total Operating Expenses": 30761,
        "Total revenue financing activities": 5204,
        "Net profit from business activities": 20739,
        "Profit": -3164,
        "Profit before tax": 17576,
        "Present corporate income tax expenses": 887,
        "Deferred income taxes expenses": -3895,
        "The interests of minority shareholders": 3978,
        "Total Cost of profits": 970,
        "Profit after tax corporate income": 16606,
        "Volume": 8000000,
        "Close of Quarter": 8.1,
        "EPS": 3048.1,
        "Non-adjusted EPS": 4456,
        "PE": 1.8,
        "Book Price": 13.4
      }
    },
    {
      "quarter": "Q3 2010",
      "income status": {
        "Net sales": 132688,
        "Cost of goods sold": 116117,
        "Gross Profit": 16571,
        "Financial expenses": 6087,
        "Of which: Interest expense": 6087,
        "Cost of sales": 137,
        "Enterprise cost management": 8010,
        "Total Operating Expenses": 14234,
        "Total revenue financing activities": 4941,
        "Net profit from business activities": 7278,
        "Profit": 444,
        "Profit before tax": 7722,
        "Present corporate income tax expenses": 1408,
        "Deferred income taxes expenses": "N/A",
        "The interests of minority shareholders": "N/A",
        "Total Cost of profits": 1408,
        "Profit after tax corporate income": 6314,
        "Volume": 8000000,
        "Close of Quarter": 10.2,
        "EPS": 1961.2,
        "Non-adjusted EPS": 2867,
        "PE": 3.6,
        "Book Price": 12.7
      }
    },
    {
      "quarter": "Q2 2010",
      "income status": {
        "Net sales": 135565,
        "Cost of goods sold": 122160,
        "Gross Profit": 13405,
        "Financial expenses": 7062,
        "Of which: Interest expense": 7062,
        "Cost of sales": "N/A",
        "Enterprise cost management": 5390,
        "Total Operating Expenses": 12452,
        "Total revenue financing activities": 4789,
        "Net profit from business activities": 5741,
        "Profit": 1059,
        "Profit before tax": 6800,
        "Present corporate income tax expenses": 998,
        "Deferred income taxes expenses": "N/A",
        "The interests of minority shareholders": "N/A",
        "Total Cost of profits": 998,
        "Profit after tax corporate income": 5803,
        "Volume": 8000000,
        "Close of Quarter": 12.4,
        "EPS": 2030.9,
        "Non-adjusted EPS": 2969,
        "PE": 4.2,
        "Book Price": 12.1
      }
    },
    {
      "quarter": "Q1 2010",
      "income status": {
        "Net sales": 174947,
        "Cost of goods sold": 161515,
        "Gross Profit": 13432,
        "Financial expenses": 4582,
        "Of which: Interest expense": 4582,
        "Cost of sales": "N/A",
        "Enterprise cost management": 4318,
        "Total Operating Expenses": 8900,
        "Total revenue financing activities": 3295,
        "Net profit from business activities": 7826,
        "Profit": 88,
        "Profit before tax": 7914,
        "Present corporate income tax expenses": 989,
        "Deferred income taxes expenses": "N/A",
        "The interests of minority shareholders": "N/A",
        "Total Cost of profits": 989,
        "Profit after tax corporate income": 6925,
        "Volume": 8000000,
        "Close of Quarter": 12.7,
        "EPS": 2106.2,
        "Non-adjusted EPS": 3079,
        "PE": 4.1,
        "Book Price": 13.1
      }
    },
    {
      "quarter": "Q4 2009",
      "income status": {
        "Net sales": 224502,
        "Cost of goods sold": 209497,
        "Gross Profit": 15006,
        "Financial expenses": 3326,
        "Of which: Interest expense": "N/A",
        "Cost of sales": "N/A",
        "Enterprise cost management": 9127,
        "Total Operating Expenses": 12453,
        "Total revenue financing activities": 3217,
        "Net profit from business activities": 5770,
        "Profit": 230,
        "Profit before tax": 6001,
        "Present corporate income tax expenses": 2104,
        "Deferred income taxes expenses": "N/A",
        "The interests of minority shareholders": "N/A",
        "Total Cost of profits": 2104,
        "Profit after tax corporate income": 3897,
        "Volume": 8000000,
        "Close of Quarter": 10.7,
        "EPS": 1818.2,
        "Non-adjusted EPS": 2658,
        "PE": 4.0,
        "Book Price": 12.4
      }
    },
    {
      "quarter": "Q3 2009",
      "income status": {
        "Net sales": 177284,
        "Cost of goods sold": 164739,
        "Gross Profit": 12545,
        "Financial expenses": 2255,
        "Of which: Interest expense": 2255,
        "Cost of sales": 27,
        "Enterprise cost management": 5449,
        "Total Operating Expenses": 7731,
        "Total revenue financing activities": 2632,
        "Net profit from business activities": 7447,
        "Profit": 835,
        "Profit before tax": 8282,
        "Present corporate income tax expenses": 1158,
        "Deferred income taxes expenses": "N/A",
        "The interests of minority shareholders": "N/A",
        "Total Cost of profits": 1158,
        "Profit after tax corporate income": 7124,
        "Volume": 8000000,
        "Close of Quarter": "N/A",
        "EPS": 1484.4,
        "Non-adjusted EPS": 2170,
        "PE": "N/A",
        "Book Price": 11.8
      }
    },
    {
      "quarter": "Q2 2009",
      "income status": {
        "Net sales": 167193,
        "Cost of goods sold": 155515,
        "Gross Profit": 11678,
        "Financial expenses": 2278,
        "Of which: Interest expense": 2278,
        "Cost of sales": "N/A",
        "Enterprise cost management": 3220,
        "Total Operating Expenses": 5498,
        "Total revenue financing activities": 2285,
        "Net profit from business activities": 8465,
        "Profit": -94,
        "Profit before tax": 8371,
        "Present corporate income tax expenses": 1689,
        "Deferred income taxes expenses": "N/A",
        "The interests of minority shareholders": "N/A",
        "Total Cost of profits": 1689,
        "Profit after tax corporate income": 6682,
        "Volume": 8000000,
        "Close of Quarter": "N/A",
        "EPS": 875.6,
        "Non-adjusted EPS": 1280,
        "PE": "N/A",
        "Book Price": "N/A"
      }
    },
    {
      "quarter": "Q1 2009",
      "income status": {
        "Net sales": 90443,
        "Cost of goods sold": 86671,
        "Gross Profit": 3772,
        "Financial expenses": 1046,
        "Of which: Interest expense": 1046,
        "Cost of sales": 35,
        "Enterprise cost management": 1750,
        "Total Operating Expenses": 2831,
        "Total revenue financing activities": 3125,
        "Net profit from business activities": 4065,
        "Profit": "N/A",
        "Profit before tax": 4065,
        "Present corporate income tax expenses": 508,
        "Deferred income taxes expenses": "N/A",
        "The interests of minority shareholders": "N/A",
        "Total Cost of profits": 508,
        "Profit after tax corporate income": 3557,
        "Volume": 8000000,
        "Close of Quarter": "N/A",
        "EPS": 304.4,
        "Non-adjusted EPS": 445,
        "PE": "N/A",
        "Book Price": "N/A"
      }
    }
  ]
}