{
  "ticker": "ADC",
  "data": [
    {
      "quarter": "Q1 2017",
      "income status": {
        "Net sales": 44685,
        "Cost of goods sold": 26382,
        "Gross Profit": 18303,
        "Financial expenses": 46,
        "Of which: Interest expense": 46,
        "Cost of sales": 12231,
        "Enterprise cost management": 4740,
        "Total Operating Expenses": 17017,
        "Total revenue financing activities": 109,
        "Net profit from business activities": 1395,
        "Profit": 92,
        "Profit before tax": 1487,
        "Present corporate income tax expenses": 356,
        "Deferred income taxes expenses": "N/A",
        "The interests of minority shareholders": "N/A",
        "Total Cost of profits": 356,
        "Profit after tax corporate income": 1131,
        "Volume": 3060000,
        "Close of Quarter": 16.1,
        "EPS": 2328,
        "Non-adjusted EPS": 2328,
        "PE": 6.9,
        "Book Price": 15.2
      }
    },
    {
      "quarter": "Q4 2016",
      "income status": {
        "Net sales": 53827,
        "Cost of goods sold": 30659,
        "Gross Profit": 23168,
        "Financial expenses": 59,
        "Of which: Interest expense": 59,
        "Cost of sales": 15445,
        "Enterprise cost management": 5429,
        "Total Operating Expenses": 20933,
        "Total revenue financing activities": 399,
        "Net profit from business activities": 2634,
        "Profit": 170,
        "Profit before tax": 2804,
        "Present corporate income tax expenses": 675,
        "Deferred income taxes expenses": 45,
        "The interests of minority shareholders": "N/A",
        "Total Cost of profits": 720,
        "Profit after tax corporate income": 2083,
        "Volume": 3060000,
        "Close of Quarter": 14.1,
        "EPS": 2302,
        "Non-adjusted EPS": 2302,
        "PE": 6.1,
        "Book Price": 14.8
      }
    },
    {
      "quarter": "Q3 2016",
      "income status": {
        "Net sales": 113494,
        "Cost of goods sold": 83510,
        "Gross Profit": 29984,
        "Financial expenses": 66,
        "Of which: Interest expense": 66,
        "Cost of sales": 18373,
        "Enterprise cost management": 7431,
        "Total Operating Expenses": 25870,
        "Total revenue financing activities": 8,
        "Net profit from business activities": 4123,
        "Profit": 297,
        "Profit before tax": 4420,
        "Present corporate income tax expenses": 1105,
        "Deferred income taxes expenses": "N/A",
        "The interests of minority shareholders": "N/A",
        "Total Cost of profits": 1105,
        "Profit after tax corporate income": 3315,
        "Volume": 3060000,
        "Close of Quarter": 15.1,
        "EPS": 2320,
        "Non-adjusted EPS": 2320,
        "PE": 6.5,
        "Book Price": 14.1
      }
    },
    {
      "quarter": "Q2 2016",
      "income status": {
        "Net sales": 35972,
        "Cost of goods sold": 25864,
        "Gross Profit": 10109,
        "Financial expenses": 86,
        "Of which: Interest expense": 86,
        "Cost of sales": 7107,
        "Enterprise cost management": 2541,
        "Total Operating Expenses": 9734,
        "Total revenue financing activities": 320,
        "Net profit from business activities": 694,
        "Profit": 152,
        "Profit before tax": 846,
        "Present corporate income tax expenses": 207,
        "Deferred income taxes expenses": 45,
        "The interests of minority shareholders": "N/A",
        "Total Cost of profits": 252,
        "Profit after tax corporate income": 595,
        "Volume": 3060000,
        "Close of Quarter": 15.6,
        "EPS": 2439,
        "Non-adjusted EPS": 2439,
        "PE": 6.4,
        "Book Price": 13
      }
    },
    {
      "quarter": "Q1 2016",
      "income status": {
        "Net sales": 36123,
        "Cost of goods sold": 20937,
        "Gross Profit": 15186,
        "Financial expenses": 62,
        "Of which: Interest expense": 62,
        "Cost of sales": 9486,
        "Enterprise cost management": 4446,
        "Total Operating Expenses": 13994,
        "Total revenue financing activities": 73,
        "Net profit from business activities": 1265,
        "Profit": 82,
        "Profit before tax": 1347,
        "Present corporate income tax expenses": 296,
        "Deferred income taxes expenses": "N/A",
        "The interests of minority shareholders": "N/A",
        "Total Cost of profits": 296,
        "Profit after tax corporate income": 1051,
        "Volume": 1800000,
        "Close of Quarter": 21,
        "EPS": 2231.2,
        "Non-adjusted EPS": 3793,
        "PE": 5.5,
        "Book Price": 10.8
      }
    },
    {
      "quarter": "Q4 2015",
      "income status": {
        "Net sales": 45621,
        "Cost of goods sold": 24035,
        "Gross Profit": 21586,
        "Financial expenses": "N/A",
        "Of which: Interest expense": "N/A",
        "Cost of sales": 15287,
        "Enterprise cost management": 3653,
        "Total Operating Expenses": 18940,
        "Total revenue financing activities": 73,
        "Net profit from business activities": 2720,
        "Profit": 86,
        "Profit before tax": 2806,
        "Present corporate income tax expenses": 619,
        "Deferred income taxes expenses": 49,
        "The interests of minority shareholders": "N/A",
        "Total Cost of profits": 668,
        "Profit after tax corporate income": 2137,
        "Volume": 1800000,
        "Close of Quarter": 21.4,
        "EPS": 2150.6,
        "Non-adjusted EPS": 3656,
        "PE": 5.9,
        "Book Price": 10.9
      }
    },
    {
      "quarter": "Q3 2015",
      "income status": {
        "Net sales": 101342,
        "Cost of goods sold": 75764,
        "Gross Profit": 25579,
        "Financial expenses": "N/A",
        "Of which: Interest expense": "N/A",
        "Cost of sales": 15382,
        "Enterprise cost management": 5408,
        "Total Operating Expenses": 20790,
        "Total revenue financing activities": 75,
        "Net profit from business activities": 4863,
        "Profit": 18,
        "Profit before tax": 4881,
        "Present corporate income tax expenses": 1199,
        "Deferred income taxes expenses": "N/A",
        "The interests of minority shareholders": "N/A",
        "Total Cost of profits": 1199,
        "Profit after tax corporate income": 3681,
        "Volume": 1800000,
        "Close of Quarter": 18.5,
        "EPS": 2049.4,
        "Non-adjusted EPS": 3484,
        "PE": 5.3,
        "Book Price": 10.2
      }
    },
    {
      "quarter": "Q2 2015",
      "income status": {
        "Net sales": 31697,
        "Cost of goods sold": 23255,
        "Gross Profit": 8442,
        "Financial expenses": -5,
        "Of which: Interest expense": -5,
        "Cost of sales": 6532,
        "Enterprise cost management": 1832,
        "Total Operating Expenses": 8359,
        "Total revenue financing activities": 79,
        "Net profit from business activities": 162,
        "Profit": 22,
        "Profit before tax": 184,
        "Present corporate income tax expenses": 177,
        "Deferred income taxes expenses": 49,
        "The interests of minority shareholders": "N/A",
        "Total Cost of profits": 226,
        "Profit after tax corporate income": -42,
        "Volume": 1800000,
        "Close of Quarter": 20.1,
        "EPS": 1989.4,
        "Non-adjusted EPS": 3382,
        "PE": 5.9,
        "Book Price": 9
      }
    },
    {
      "quarter": "Q1 2015",
      "income status": {
        "Net sales": 22656,
        "Cost of goods sold": 13163,
        "Gross Profit": 9493,
        "Financial expenses": 19,
        "Of which: Interest expense": 19,
        "Cost of sales": 5954,
        "Enterprise cost management": 2760,
        "Total Operating Expenses": 8733,
        "Total revenue financing activities": 209,
        "Net profit from business activities": 970,
        "Profit": 60,
        "Profit before tax": 1030,
        "Present corporate income tax expenses": 227,
        "Deferred income taxes expenses": "N/A",
        "The interests of minority shareholders": "N/A",
        "Total Cost of profits": 227,
        "Profit after tax corporate income": 804,
        "Volume": 1800000,
        "Close of Quarter": 14.9,
        "EPS": 2044.1,
        "Non-adjusted EPS": 3475,
        "PE": 4.3,
        "Book Price": 9
      }
    },
    {
      "quarter": "Q4 2014",
      "income status": {
        "Net sales": 27507,
        "Cost of goods sold": 19592,
        "Gross Profit": 7915,
        "Financial expenses": 5,
        "Of which: Interest expense": "N/A",
        "Cost of sales": 5867,
        "Enterprise cost management": 480,
        "Total Operating Expenses": 6352,
        "Total revenue financing activities": 716,
        "Net profit from business activities": 2279,
        "Profit": 75,
        "Profit before tax": 2354,
        "Present corporate income tax expenses": 526,
        "Deferred income taxes expenses": "N/A",
        "The interests of minority shareholders": "N/A",
        "Total Cost of profits": 526,
        "Profit after tax corporate income": 1829,
        "Volume": 1800000,
        "Close of Quarter": 13.4,
        "EPS": 2037.7,
        "Non-adjusted EPS": 3464,
        "PE": 3.9,
        "Book Price": 9.1
      }
    },
    {
      "quarter": "Q3 2014",
      "income status": {
        "Net sales": 93470,
        "Cost of goods sold": 64262,
        "Gross Profit": 29208,
        "Financial expenses": "N/A",
        "Of which: Interest expense": "N/A",
        "Cost of sales": 16676,
        "Enterprise cost management": 8290,
        "Total Operating Expenses": 24966,
        "Total revenue financing activities": 127,
        "Net profit from business activities": 4370,
        "Profit": 43,
        "Profit before tax": 4413,
        "Present corporate income tax expenses": 917,
        "Deferred income taxes expenses": "N/A",
        "The interests of minority shareholders": "N/A",
        "Total Cost of profits": 917,
        "Profit after tax corporate income": 3496,
        "Volume": 1500000,
        "Close of Quarter": 12.2,
        "EPS": 1847.1,
        "Non-adjusted EPS": 3768,
        "PE": 3.2,
        "Book Price": 8.5
      }
    },
    {
      "quarter": "Q2 2014",
      "income status": {
        "Net sales": 19431,
        "Cost of goods sold": 15491,
        "Gross Profit": 3940,
        "Financial expenses": "N/A",
        "Of which: Interest expense": "N/A",
        "Cost of sales": 3011,
        "Enterprise cost management": 1162,
        "Total Operating Expenses": 4173,
        "Total revenue financing activities": 492,
        "Net profit from business activities": 258,
        "Profit": 17,
        "Profit before tax": 275,
        "Present corporate income tax expenses": 134,
        "Deferred income taxes expenses": 15,
        "The interests of minority shareholders": "N/A",
        "Total Cost of profits": 149,
        "Profit after tax corporate income": 126,
        "Volume": 1500000,
        "Close of Quarter": 9.7,
        "EPS": 1849.5,
        "Non-adjusted EPS": 3773,
        "PE": 2.6,
        "Book Price": 7.4
      }
    },
    {
      "quarter": "Q1 2014",
      "income status": {
        "Net sales": 15332,
        "Cost of goods sold": 9124,
        "Gross Profit": 6208,
        "Financial expenses": "N/A",
        "Of which: Interest expense": "N/A",
        "Cost of sales": 3938,
        "Enterprise cost management": 1527,
        "Total Operating Expenses": 5465,
        "Total revenue financing activities": 72,
        "Net profit from business activities": 814,
        "Profit": 166,
        "Profit before tax": 980,
        "Present corporate income tax expenses": 196,
        "Deferred income taxes expenses": "N/A",
        "The interests of minority shareholders": "N/A",
        "Total Cost of profits": 196,
        "Profit after tax corporate income": 784,
        "Volume": 1500000,
        "Close of Quarter": 10.1,
        "EPS": 1786.8,
        "Non-adjusted EPS": 3645,
        "PE": 2.8,
        "Book Price": 7.6
      }
    },
    {
      "quarter": "Q4 2013",
      "income status": {
        "Net sales": 27688,
        "Cost of goods sold": 19632,
        "Gross Profit": 8057,
        "Financial expenses": "N/A",
        "Of which: Interest expense": "N/A",
        "Cost of sales": 4743,
        "Enterprise cost management": 2287,
        "Total Operating Expenses": 7030,
        "Total revenue financing activities": 313,
        "Net profit from business activities": 1340,
        "Profit": 98,
        "Profit before tax": 1437,
        "Present corporate income tax expenses": 191,
        "Deferred income taxes expenses": "N/A",
        "The interests of minority shareholders": "N/A",
        "Total Cost of profits": 191,
        "Profit after tax corporate income": 1246,
        "Volume": 1500000,
        "Close of Quarter": 7.3,
        "EPS": 1718.1,
        "Non-adjusted EPS": 3505,
        "PE": 2.1,
        "Book Price": 7.6
      }
    },
    {
      "quarter": "Q3 2013",
      "income status": {
        "Net sales": 62899,
        "Cost of goods sold": 44845,
        "Gross Profit": 18053,
        "Financial expenses": 12,
        "Of which: Interest expense": 12,
        "Cost of sales": 9331,
        "Enterprise cost management": 4712,
        "Total Operating Expenses": 14055,
        "Total revenue financing activities": 5,
        "Net profit from business activities": 4002,
        "Profit": 27,
        "Profit before tax": 4030,
        "Present corporate income tax expenses": 525,
        "Deferred income taxes expenses": "N/A",
        "The interests of minority shareholders": "N/A",
        "Total Cost of profits": 525,
        "Profit after tax corporate income": 3504,
        "Volume": 1000000,
        "Close of Quarter": 5.0,
        "EPS": 1686.3,
        "Non-adjusted EPS": 5160,
        "PE": 1.0,
        "Book Price": 5.9
      }
    },
    {
      "quarter": "Q2 2013",
      "income status": {
        "Net sales": 17573,
        "Cost of goods sold": 14152,
        "Gross Profit": 3421,
        "Financial expenses": 20,
        "Of which: Interest expense": 20,
        "Cost of sales": 2557,
        "Enterprise cost management": 944,
        "Total Operating Expenses": 3521,
        "Total revenue financing activities": 4,
        "Net profit from business activities": -96,
        "Profit": 77,
        "Profit before tax": -19,
        "Present corporate income tax expenses": 47,
        "Deferred income taxes expenses": "N/A",
        "The interests of minority shareholders": "N/A",
        "Total Cost of profits": 47,
        "Profit after tax corporate income": -66,
        "Volume": 1000000,
        "Close of Quarter": 5.6,
        "EPS": 1277.8,
        "Non-adjusted EPS": 3910,
        "PE": 1.4,
        "Book Price": 4.7
      }
    },
    {
      "quarter": "Q1 2013",
      "income status": {
        "Net sales": 8522,
        "Cost of goods sold": 4235,
        "Gross Profit": 4287,
        "Financial expenses": "N/A",
        "Of which: Interest expense": "N/A",
        "Cost of sales": 1957,
        "Enterprise cost management": 1883,
        "Total Operating Expenses": 3840,
        "Total revenue financing activities": 154,
        "Net profit from business activities": 601,
        "Profit": 102,
        "Profit before tax": 702,
        "Present corporate income tax expenses": 128,
        "Deferred income taxes expenses": "N/A",
        "The interests of minority shareholders": "N/A",
        "Total Cost of profits": 128,
        "Profit after tax corporate income": 574,
        "Volume": 1000000,
        "Close of Quarter": 5.6,
        "EPS": 1502.0,
        "Non-adjusted EPS": 4596,
        "PE": 1.2,
        "Book Price": 4.8
      }
    },
    {
      "quarter": "Q4 2012",
      "income status": {
        "Net sales": 18061,
        "Cost of goods sold": 13974,
        "Gross Profit": 4087,
        "Financial expenses": "N/A",
        "Of which: Interest expense": "N/A",
        "Cost of sales": 1284,
        "Enterprise cost management": 2172,
        "Total Operating Expenses": 3456,
        "Total revenue financing activities": 299,
        "Net profit from business activities": 930,
        "Profit": 16,
        "Profit before tax": 946,
        "Present corporate income tax expenses": -203,
        "Deferred income taxes expenses": "N/A",
        "The interests of minority shareholders": "N/A",
        "Total Cost of profits": -203,
        "Profit after tax corporate income": 1148,
        "Volume": 1000000,
        "Close of Quarter": 4.9,
        "EPS": 1488.9,
        "Non-adjusted EPS": 4556,
        "PE": 1.1,
        "Book Price": 5.3
      }
    },
    {
      "quarter": "Q3 2012",
      "income status": {
        "Net sales": 51174,
        "Cost of goods sold": 38106,
        "Gross Profit": 13068,
        "Financial expenses": 27,
        "Of which: Interest expense": 27,
        "Cost of sales": 6631,
        "Enterprise cost management": 3948,
        "Total Operating Expenses": 10606,
        "Total revenue financing activities": 127,
        "Net profit from business activities": 2589,
        "Profit": 15,
        "Profit before tax": 2604,
        "Present corporate income tax expenses": 349,
        "Deferred income taxes expenses": "N/A",
        "The interests of minority shareholders": "N/A",
        "Total Cost of profits": 349,
        "Profit after tax corporate income": 2254,
        "Volume": 1000000,
        "Close of Quarter": 3.6,
        "EPS": 1326.8,
        "Non-adjusted EPS": 4060,
        "PE": 0.9,
        "Book Price": 4.9
      }
    },
    {
      "quarter": "Q2 2012",
      "income status": {
        "Net sales": 12345,
        "Cost of goods sold": 9475,
        "Gross Profit": 2870,
        "Financial expenses": 19,
        "Of which: Interest expense": 19,
        "Cost of sales": 1190,
        "Enterprise cost management": 1142,
        "Total Operating Expenses": 2351,
        "Total revenue financing activities": 205,
        "Net profit from business activities": 724,
        "Profit": 73,
        "Profit before tax": 796,
        "Present corporate income tax expenses": 177,
        "Deferred income taxes expenses": "N/A",
        "The interests of minority shareholders": "N/A",
        "Total Cost of profits": 177,
        "Profit after tax corporate income": 620,
        "Volume": 1000000,
        "Close of Quarter": 3.8,
        "EPS": 948.4,
        "Non-adjusted EPS": 2902,
        "PE": 1.3,
        "Book Price": 4.2
      }
    },
    {
      "quarter": "Q1 2012",
      "income status": {
        "Net sales": 8550,
        "Cost of goods sold": 5828,
        "Gross Profit": 2722,
        "Financial expenses": 29,
        "Of which: Interest expense": 29,
        "Cost of sales": 855,
        "Enterprise cost management": 1231,
        "Total Operating Expenses": 2115,
        "Total revenue financing activities": 94,
        "Net profit from business activities": 701,
        "Profit": 11,
        "Profit before tax": 711,
        "Present corporate income tax expenses": 178,
        "Deferred income taxes expenses": "N/A",
        "The interests of minority shareholders": "N/A",
        "Total Cost of profits": 178,
        "Profit after tax corporate income": 534,
        "Volume": 1000000,
        "Close of Quarter": 3.3,
        "EPS": 1041.5,
        "Non-adjusted EPS": 3187,
        "PE": 1.0,
        "Book Price": 3.8
      }
    },
    {
      "quarter": "Q4 2011",
      "income status": {
        "Net sales": 24016,
        "Cost of goods sold": 18775,
        "Gross Profit": 5240,
        "Financial expenses": 57,
        "Of which: Interest expense": 57,
        "Cost of sales": 2626,
        "Enterprise cost management": 1715,
        "Total Operating Expenses": 4398,
        "Total revenue financing activities": 73,
        "Net profit from business activities": 915,
        "Profit": 12,
        "Profit before tax": 926,
        "Present corporate income tax expenses": 275,
        "Deferred income taxes expenses": "N/A",
        "The interests of minority shareholders": "N/A",
        "Total Cost of profits": 275,
        "Profit after tax corporate income": 652,
        "Volume": 1000000,
        "Close of Quarter": 2.4,
        "EPS": 1002.3,
        "Non-adjusted EPS": 3067,
        "PE": 0.8,
        "Book Price": 4.4
      }
    },
    {
      "quarter": "Q3 2011",
      "income status": {
        "Net sales": 19812,
        "Cost of goods sold": 16086,
        "Gross Profit": 3726,
        "Financial expenses": 168,
        "Of which: Interest expense": 168,
        "Cost of sales": 1132,
        "Enterprise cost management": 1017,
        "Total Operating Expenses": 2317,
        "Total revenue financing activities": 9,
        "Net profit from business activities": 1417,
        "Profit": 44,
        "Profit before tax": 1461,
        "Present corporate income tax expenses": 365,
        "Deferred income taxes expenses": "N/A",
        "The interests of minority shareholders": "N/A",
        "Total Cost of profits": 365,
        "Profit after tax corporate income": 1096,
        "Volume": 1000000,
        "Close of Quarter": 2.1,
        "EPS": 915.7,
        "Non-adjusted EPS": 2802,
        "PE": 0.8,
        "Book Price": 4.2
      }
    },
    {
      "quarter": "Q2 2011",
      "income status": {
        "Net sales": 172,
        "Cost of goods sold": 12041,
        "Gross Profit": 5131,
        "Financial expenses": 246,
        "Of which: Interest expense": 246,
        "Cost of sales": 1726,
        "Enterprise cost management": 2070,
        "Total Operating Expenses": 4042,
        "Total revenue financing activities": 162,
        "Net profit from business activities": 1251,
        "Profit": 7,
        "Profit before tax": 1258,
        "Present corporate income tax expenses": 353,
        "Deferred income taxes expenses": "N/A",
        "The interests of minority shareholders": "N/A",
        "Total Cost of profits": 353,
        "Profit after tax corporate income": 905,
        "Volume": 1000000,
        "Close of Quarter": 2,
        "EPS": 706.2,
        "Non-adjusted EPS": 2161,
        "PE": 0.9,
        "Book Price": 3.8
      }
    },
    {
      "quarter": "Q1 2011",
      "income status": {
        "Net sales": 6131,
        "Cost of goods sold": 3877,
        "Gross Profit": 2254,
        "Financial expenses": 116,
        "Of which: Interest expense": 116,
        "Cost of sales": 788,
        "Enterprise cost management": 958,
        "Total Operating Expenses": 1862,
        "Total revenue financing activities": 156,
        "Net profit from business activities": 548,
        "Profit": 3,
        "Profit before tax": 552,
        "Present corporate income tax expenses": 138,
        "Deferred income taxes expenses": "N/A",
        "The interests of minority shareholders": "N/A",
        "Total Cost of profits": 138,
        "Profit after tax corporate income": 414,
        "Volume": 1000000,
        "Close of Quarter": 2.4,
        "EPS": 682.0,
        "Non-adjusted EPS": 2087,
        "PE": 1.1,
        "Book Price": 3.7
      }
    },
    {
      "quarter": "Q4 2010",
      "income status": {
        "Net sales": 15217,
        "Cost of goods sold": 13086,
        "Gross Profit": 2131,
        "Financial expenses": 54,
        "Of which: Interest expense": 52,
        "Cost of sales": 212,
        "Enterprise cost management": 969,
        "Total Operating Expenses": 1235,
        "Total revenue financing activities": 112,
        "Net profit from business activities": 1008,
        "Profit": 2,
        "Profit before tax": 1010,
        "Present corporate income tax expenses": 252,
        "Deferred income taxes expenses": "N/A",
        "The interests of minority shareholders": 371,
        "Total Cost of profits": 623,
        "Profit after tax corporate income": 387,
        "Volume": 1000000,
        "Close of Quarter": 2.8,
        "EPS": 632.7,
        "Non-adjusted EPS": 1936,
        "PE": 1.5,
        "Book Price": 4.2
      }
    },
    {
      "quarter": "Q3 2010",
      "income status": {
        "Net sales": 7965,
        "Cost of goods sold": 6353,
        "Gross Profit": 1611,
        "Financial expenses": "N/A",
        "Of which: Interest expense": "N/A",
        "Cost of sales": 250,
        "Enterprise cost management": 765,
        "Total Operating Expenses": 1015,
        "Total revenue financing activities": 10,
        "Net profit from business activities": 607,
        "Profit": "N/A",
        "Profit before tax": 607,
        "Present corporate income tax expenses": 152,
        "Deferred income taxes expenses": "N/A",
        "The interests of minority shareholders": "N/A",
        "Total Cost of profits": 152,
        "Profit after tax corporate income": 455,
        "Volume": 1000000,
        "Close of Quarter": "N/A",
        "EPS": 566.0,
        "Non-adjusted EPS": 1732,
        "PE": "N/A",
        "Book Price": "N/A"
      }
    },
    {
      "quarter": "Q2 2010",
      "income status": {
        "Net sales": 4735,
        "Cost of goods sold": 2822,
        "Gross Profit": 1912,
        "Financial expenses": "N/A",
        "Of which: Interest expense": "N/A",
        "Cost of sales": 137,
        "Enterprise cost management": 673,
        "Total Operating Expenses": 810,
        "Total revenue financing activities": 6,
        "Net profit from business activities": 1109,
        "Profit": "N/A",
        "Profit before tax": 1109,
        "Present corporate income tax expenses": 277,
        "Deferred income taxes expenses": "N/A",
        "The interests of minority shareholders": "N/A",
        "Total Cost of profits": 277,
        "Profit after tax corporate income": 831,
        "Volume": 1000000,
        "Close of Quarter": "N/A",
        "EPS": 417.3,
        "Non-adjusted EPS": 1277,
        "PE": "N/A",
        "Book Price": 3.7
      }
    },
    {
      "quarter": "Q1 2010",
      "income status": {
        "Net sales": 3888,
        "Cost of goods sold": 2979,
        "Gross Profit": 909,
        "Financial expenses": "N/A",
        "Of which: Interest expense": "N/A",
        "Cost of sales": 123,
        "Enterprise cost management": 551,
        "Total Operating Expenses": 674,
        "Total revenue financing activities": 110,
        "Net profit from business activities": 346,
        "Profit": 5,
        "Profit before tax": 351,
        "Present corporate income tax expenses": 88,
        "Deferred income taxes expenses": "N/A",
        "The interests of minority shareholders": "N/A",
        "Total Cost of profits": 88,
        "Profit after tax corporate income": 263,
        "Volume": 1000000,
        "Close of Quarter": "N/A",
        "EPS": 145.8,
        "Non-adjusted EPS": 446,
        "PE": "N/A",
        "Book Price": "N/A"
      }
    },
    {
      "quarter": "Q4 2009",
      "income status": {
        "Net sales": 4454,
        "Cost of goods sold": 3366,
        "Gross Profit": 1088,
        "Financial expenses": "N/A",
        "Of which: Interest expense": "N/A",
        "Cost of sales": 205,
        "Enterprise cost management": 762,
        "Total Operating Expenses": 967,
        "Total revenue financing activities": 267,
        "Net profit from business activities": 389,
        "Profit": 66,
        "Profit before tax": 456,
        "Present corporate income tax expenses": 98,
        "Deferred income taxes expenses": "N/A",
        "The interests of minority shareholders": 175,
        "Total Cost of profits": 273,
        "Profit after tax corporate income": 183,
        "Volume": 1000000,
        "Close of Quarter": "N/A",
        "EPS": 59.8,
        "Non-adjusted EPS": 183,
        "PE": "N/A",
        "Book Price": 4.0
      }
    }
  ]
}