{
  "ticker": "CSC",
  "data": [
    {
      "quarter": "Q1 2017",
      "income status": {
        "Net sales": 27190,
        "Cost of goods sold": 24491,
        "Gross Profit": 2699,
        "Financial expenses": 1482,
        "Of which: Interest expense": 936,
        "Cost of sales": "N/A",
        "Enterprise cost management": 4643,
        "Total Operating Expenses": 6125,
        "Total revenue financing activities": 5186,
        "Net profit from business activities": 1759,
        "Profit": "N/A",
        "Profit before tax": 1759,
        "Present corporate income tax expenses": 14,
        "Deferred income taxes expenses": "N/A",
        "The interests of minority shareholders": "N/A",
        "Total Cost of profits": 14,
        "Profit after tax corporate income": 1745,
        "Volume": 10000000,
        "Close of Quarter": 33.0,
        "EPS": 1632,
        "Non-adjusted EPS": 1632,
        "PE": 20.2,
        "Book Price": 13.4
      }
    },
    {
      "quarter": "Q4 2016",
      "income status": {
        "Net sales": 156754,
        "Cost of goods sold": 140216,
        "Gross Profit": 16538,
        "Financial expenses": 793,
        "Of which: Interest expense": 956,
        "Cost of sales": "N/A",
        "Enterprise cost management": 4299,
        "Total Operating Expenses": 5092,
        "Total revenue financing activities": 2917,
        "Net profit from business activities": 14363,
        "Profit": -153,
        "Profit before tax": 14209,
        "Present corporate income tax expenses": 2588,
        "Deferred income taxes expenses": "N/A",
        "The interests of minority shareholders": 1530,
        "Total Cost of profits": 4118,
        "Profit after tax corporate income": 10092,
        "Volume": 10000000,
        "Close of Quarter": 23.1,
        "EPS": 1475,
        "Non-adjusted EPS": 1475,
        "PE": 15.7,
        "Book Price": 13.2
      }
    },
    {
      "quarter": "Q3 2016",
      "income status": {
        "Net sales": 104871,
        "Cost of goods sold": 98196,
        "Gross Profit": 6675,
        "Financial expenses": 737,
        "Of which: Interest expense": 1015,
        "Cost of sales": "N/A",
        "Enterprise cost management": 3364,
        "Total Operating Expenses": 4101,
        "Total revenue financing activities": 100,
        "Net profit from business activities": 2675,
        "Profit": 250,
        "Profit before tax": 2925,
        "Present corporate income tax expenses": 573,
        "Deferred income taxes expenses": -350,
        "The interests of minority shareholders": -222,
        "Total Cost of profits": 1,
        "Profit after tax corporate income": 2924,
        "Volume": 10000000,
        "Close of Quarter": 14.8,
        "EPS": 969,
        "Non-adjusted EPS": 969,
        "PE": 15.3,
        "Book Price": 12
      }
    },
    {
      "quarter": "Q2 2016",
      "income status": {
        "Net sales": 30045,
        "Cost of goods sold": 25893,
        "Gross Profit": 4152,
        "Financial expenses": 1126,
        "Of which: Interest expense": 1080,
        "Cost of sales": "N/A",
        "Enterprise cost management": 4556,
        "Total Operating Expenses": 5682,
        "Total revenue financing activities": 3200,
        "Net profit from business activities": 1750,
        "Profit": -95,
        "Profit before tax": 1655,
        "Present corporate income tax expenses": 20,
        "Deferred income taxes expenses": -38,
        "The interests of minority shareholders": 115,
        "Total Cost of profits": 97,
        "Profit after tax corporate income": 1558,
        "Volume": 10000000,
        "Close of Quarter": 16.1,
        "EPS": 900,
        "Non-adjusted EPS": 900,
        "PE": 17.9,
        "Book Price": 11.8
      }
    },
    {
      "quarter": "Q1 2016",
      "income status": {
        "Net sales": 28783,
        "Cost of goods sold": 24280,
        "Gross Profit": 4503,
        "Financial expenses": 1295,
        "Of which: Interest expense": 1295,
        "Cost of sales": "N/A",
        "Enterprise cost management": 3258,
        "Total Operating Expenses": 4553,
        "Total revenue financing activities": 126,
        "Net profit from business activities": 197,
        "Profit": 1,
        "Profit before tax": 199,
        "Present corporate income tax expenses": 39,
        "Deferred income taxes expenses": "N/A",
        "The interests of minority shareholders": -17,
        "Total Cost of profits": 22,
        "Profit after tax corporate income": 177,
        "Volume": 10000000,
        "Close of Quarter": 13.8,
        "EPS": 699,
        "Non-adjusted EPS": 699,
        "PE": 19.7,
        "Book Price": 12.3
      }
    },
    {
      "quarter": "Q4 2015",
      "income status": {
        "Net sales": 153094,
        "Cost of goods sold": 137697,
        "Gross Profit": 15397,
        "Financial expenses": 1667,
        "Of which: Interest expense": 1120,
        "Cost of sales": "N/A",
        "Enterprise cost management": 4718,
        "Total Operating Expenses": 6385,
        "Total revenue financing activities": 43,
        "Net profit from business activities": 9056,
        "Profit": -848,
        "Profit before tax": 8209,
        "Present corporate income tax expenses": 2243,
        "Deferred income taxes expenses": -19,
        "The interests of minority shareholders": 954,
        "Total Cost of profits": 3178,
        "Profit after tax corporate income": 5031,
        "Volume": 10000000,
        "Close of Quarter": 14.8,
        "EPS": 767,
        "Non-adjusted EPS": 767,
        "PE": 19.3,
        "Book Price": 12.2
      }
    },
    {
      "quarter": "Q3 2015",
      "income status": {
        "Net sales": 31308,
        "Cost of goods sold": 25514,
        "Gross Profit": 5794,
        "Financial expenses": 387,
        "Of which: Interest expense": 1417,
        "Cost of sales": "N/A",
        "Enterprise cost management": 2984,
        "Total Operating Expenses": 3371,
        "Total revenue financing activities": 27,
        "Net profit from business activities": 2449,
        "Profit": 241,
        "Profit before tax": 2690,
        "Present corporate income tax expenses": 370,
        "Deferred income taxes expenses": "N/A",
        "The interests of minority shareholders": 88,
        "Total Cost of profits": 458,
        "Profit after tax corporate income": 2232,
        "Volume": 10000000,
        "Close of Quarter": 17.3,
        "EPS": 949,
        "Non-adjusted EPS": 949,
        "PE": 18.2,
        "Book Price": 11.6
      }
    },
    {
      "quarter": "Q2 2015",
      "income status": {
        "Net sales": 57784,
        "Cost of goods sold": 53229,
        "Gross Profit": 4555,
        "Financial expenses": 1515,
        "Of which: Interest expense": 1654,
        "Cost of sales": "N/A",
        "Enterprise cost management": 3580,
        "Total Operating Expenses": 5095,
        "Total revenue financing activities": 36,
        "Net profit from business activities": -275,
        "Profit": 28,
        "Profit before tax": -247,
        "Present corporate income tax expenses": 692,
        "Deferred income taxes expenses": -96,
        "The interests of minority shareholders": -397,
        "Total Cost of profits": 199,
        "Profit after tax corporate income": -446,
        "Volume": 9000000,
        "Close of Quarter": 18.5,
        "EPS": 882,
        "Non-adjusted EPS": 980,
        "PE": 18.9,
        "Book Price": 11.4
      }
    },
    {
      "quarter": "Q1 2015",
      "income status": {
        "Net sales": 48810,
        "Cost of goods sold": 42737,
        "Gross Profit": 6073,
        "Financial expenses": 1447,
        "Of which: Interest expense": 1447,
        "Cost of sales": "N/A",
        "Enterprise cost management": 2966,
        "Total Operating Expenses": 4413,
        "Total revenue financing activities": 63,
        "Net profit from business activities": 1644,
        "Profit": -402,
        "Profit before tax": 1242,
        "Present corporate income tax expenses": 293,
        "Deferred income taxes expenses": "N/A",
        "The interests of minority shareholders": 102,
        "Total Cost of profits": 395,
        "Profit after tax corporate income": 848,
        "Volume": 9000000,
        "Close of Quarter": 10.7,
        "EPS": 1171.8,
        "Non-adjusted EPS": 1302,
        "PE": 8.2,
        "Book Price": 11.4
      }
    },
    {
      "quarter": "Q4 2014",
      "income status": {
        "Net sales": 130327,
        "Cost of goods sold": 115319,
        "Gross Profit": 15008,
        "Financial expenses": 1214,
        "Of which: Interest expense": 1779,
        "Cost of sales": "N/A",
        "Enterprise cost management": 4018,
        "Total Operating Expenses": 5232,
        "Total revenue financing activities": 368,
        "Net profit from business activities": 9684,
        "Profit": -85,
        "Profit before tax": 9599,
        "Present corporate income tax expenses": 1865,
        "Deferred income taxes expenses": "N/A",
        "The interests of minority shareholders": 875,
        "Total Cost of profits": 2740,
        "Profit after tax corporate income": 6859,
        "Volume": 9000000,
        "Close of Quarter": 12,
        "EPS": 1256.4,
        "Non-adjusted EPS": 1396,
        "PE": 8.6,
        "Book Price": 11.5
      }
    },
    {
      "quarter": "Q3 2014",
      "income status": {
        "Net sales": 61971,
        "Cost of goods sold": 60866,
        "Gross Profit": 1105,
        "Financial expenses": -1673,
        "Of which: Interest expense": -1707,
        "Cost of sales": "N/A",
        "Enterprise cost management": 2955,
        "Total Operating Expenses": 1282,
        "Total revenue financing activities": 29,
        "Net profit from business activities": 344,
        "Profit": -209,
        "Profit before tax": 135,
        "Present corporate income tax expenses": 59,
        "Deferred income taxes expenses": "N/A",
        "The interests of minority shareholders": -1485,
        "Total Cost of profits": -1426,
        "Profit after tax corporate income": 1561,
        "Volume": 9000000,
        "Close of Quarter": 9.2,
        "EPS": 975.6,
        "Non-adjusted EPS": 1084,
        "PE": 8.5,
        "Book Price": 10.6
      }
    },
    {
      "quarter": "Q2 2014",
      "income status": {
        "Net sales": 39995,
        "Cost of goods sold": 40734,
        "Gross Profit": -739,
        "Financial expenses": -8692,
        "Of which: Interest expense": 1653,
        "Cost of sales": "N/A",
        "Enterprise cost management": 3750,
        "Total Operating Expenses": -4942,
        "Total revenue financing activities": 31,
        "Net profit from business activities": 3559,
        "Profit": 53,
        "Profit before tax": 3612,
        "Present corporate income tax expenses": 978,
        "Deferred income taxes expenses": 365,
        "The interests of minority shareholders": -185,
        "Total Cost of profits": 1158,
        "Profit after tax corporate income": 2454,
        "Volume": 5000000,
        "Close of Quarter": 7.9,
        "EPS": 783.5,
        "Non-adjusted EPS": 1567,
        "PE": 5.1,
        "Book Price": 10.7
      }
    },
    {
      "quarter": "Q1 2014",
      "income status": {
        "Net sales": 52837,
        "Cost of goods sold": 50384,
        "Gross Profit": 2453,
        "Financial expenses": 13075,
        "Of which: Interest expense": 2226,
        "Cost of sales": "N/A",
        "Enterprise cost management": 2798,
        "Total Operating Expenses": 15873,
        "Total revenue financing activities": 16438,
        "Net profit from business activities": 3018,
        "Profit": -849,
        "Profit before tax": 2169,
        "Present corporate income tax expenses": 775,
        "Deferred income taxes expenses": "N/A",
        "The interests of minority shareholders": -296,
        "Total Cost of profits": 479,
        "Profit after tax corporate income": 1689,
        "Volume": 5000000,
        "Close of Quarter": 10.2,
        "EPS": 447,
        "Non-adjusted EPS": 894,
        "PE": 11.4,
        "Book Price": 10.5
      }
    },
    {
      "quarter": "Q4 2013",
      "income status": {
        "Net sales": 140878,
        "Cost of goods sold": 136303,
        "Gross Profit": 4575,
        "Financial expenses": 3598,
        "Of which: Interest expense": 3769,
        "Cost of sales": "N/A",
        "Enterprise cost management": 3565,
        "Total Operating Expenses": 7163,
        "Total revenue financing activities": 6760,
        "Net profit from business activities": 4172,
        "Profit": 75,
        "Profit before tax": 4605,
        "Present corporate income tax expenses": 226,
        "Deferred income taxes expenses": -194,
        "The interests of minority shareholders": 517,
        "Total Cost of profits": 549,
        "Profit after tax corporate income": 4056,
        "Volume": 5000000,
        "Close of Quarter": 4.9,
        "EPS": 241.5,
        "Non-adjusted EPS": 483,
        "PE": 10.1,
        "Book Price": 9.4
      }
    },
    {
      "quarter": "Q3 2013",
      "income status": {
        "Net sales": 42258,
        "Cost of goods sold": 36829,
        "Gross Profit": 5430,
        "Financial expenses": 4198,
        "Of which: Interest expense": 4116,
        "Cost of sales": "N/A",
        "Enterprise cost management": 3535,
        "Total Operating Expenses": 7733,
        "Total revenue financing activities": 2038,
        "Net profit from business activities": -264,
        "Profit": -152,
        "Profit before tax": -663,
        "Present corporate income tax expenses": 24,
        "Deferred income taxes expenses": "N/A",
        "The interests of minority shareholders": -325,
        "Total Cost of profits": -301,
        "Profit after tax corporate income": -363,
        "Volume": 5000000,
        "Close of Quarter": 3.2,
        "EPS": 45.5,
        "Non-adjusted EPS": 91,
        "PE": 34.6,
        "Book Price": 9.1
      }
    },
    {
      "quarter": "Q2 2013",
      "income status": {
        "Net sales": 56272,
        "Cost of goods sold": 51547,
        "Gross Profit": 4725,
        "Financial expenses": 2220,
        "Of which: Interest expense": 2046,
        "Cost of sales": "N/A",
        "Enterprise cost management": 2685,
        "Total Operating Expenses": 4905,
        "Total revenue financing activities": 55,
        "Net profit from business activities": -124,
        "Profit": -270,
        "Profit before tax": -943,
        "Present corporate income tax expenses": -17,
        "Deferred income taxes expenses": 194,
        "The interests of minority shareholders": -206,
        "Total Cost of profits": -29,
        "Profit after tax corporate income": -914,
        "Volume": 5000000,
        "Close of Quarter": 3.4,
        "EPS": 341.5,
        "Non-adjusted EPS": 683,
        "PE": 5.0,
        "Book Price": 9.1
      }
    },
    {
      "quarter": "Q1 2013",
      "income status": {
        "Net sales": 82003,
        "Cost of goods sold": 77740,
        "Gross Profit": 4263,
        "Financial expenses": 2235,
        "Of which: Interest expense": 2214,
        "Cost of sales": "N/A",
        "Enterprise cost management": 2474,
        "Total Operating Expenses": 4709,
        "Total revenue financing activities": 90,
        "Net profit from business activities": -357,
        "Profit": "N/A",
        "Profit before tax": -586,
        "Present corporate income tax expenses": 84,
        "Deferred income taxes expenses": "N/A",
        "The interests of minority shareholders": -305,
        "Total Cost of profits": -221,
        "Profit after tax corporate income": -364,
        "Volume": 5000000,
        "Close of Quarter": 4.2,
        "EPS": 882,
        "Non-adjusted EPS": 1764,
        "PE": 2.4,
        "Book Price": 9.2
      }
    },
    {
      "quarter": "Q4 2012",
      "income status": {
        "Net sales": 107582,
        "Cost of goods sold": 106860,
        "Gross Profit": 723,
        "Financial expenses": 2432,
        "Of which: Interest expense": 2418,
        "Cost of sales": "N/A",
        "Enterprise cost management": 3602,
        "Total Operating Expenses": 6034,
        "Total revenue financing activities": 98,
        "Net profit from business activities": -5213,
        "Profit": 134,
        "Profit before tax": 2503,
        "Present corporate income tax expenses": "N/A",
        "Deferred income taxes expenses": "N/A",
        "The interests of minority shareholders": 408,
        "Total Cost of profits": 408,
        "Profit after tax corporate income": 2095,
        "Volume": 5000000,
        "Close of Quarter": 3.9,
        "EPS": 1332.5,
        "Non-adjusted EPS": 2665,
        "PE": 1.5,
        "Book Price": 16
      }
    },
    {
      "quarter": "Q3 2012",
      "income status": {
        "Net sales": 71496,
        "Cost of goods sold": 67304,
        "Gross Profit": 4192,
        "Financial expenses": 1748,
        "Of which: Interest expense": 2168,
        "Cost of sales": "N/A",
        "Enterprise cost management": 2509,
        "Total Operating Expenses": 4257,
        "Total revenue financing activities": 2061,
        "Net profit from business activities": 1997,
        "Profit": -123,
        "Profit before tax": 2289,
        "Present corporate income tax expenses": "N/A",
        "Deferred income taxes expenses": -58,
        "The interests of minority shareholders": -248,
        "Total Cost of profits": -306,
        "Profit after tax corporate income": 2596,
        "Volume": 5000000,
        "Close of Quarter": 3.5,
        "EPS": 1223.5,
        "Non-adjusted EPS": 2447,
        "PE": 1.4,
        "Book Price": 16.1
      }
    },
    {
      "quarter": "Q2 2012",
      "income status": {
        "Net sales": 47505,
        "Cost of goods sold": 43019,
        "Gross Profit": 4486,
        "Financial expenses": 2657,
        "Of which: Interest expense": 2673,
        "Cost of sales": "N/A",
        "Enterprise cost management": 3198,
        "Total Operating Expenses": 5855,
        "Total revenue financing activities": 58,
        "Net profit from business activities": -1311,
        "Profit": 221,
        "Profit before tax": 4234,
        "Present corporate income tax expenses": -19,
        "Deferred income taxes expenses": 58,
        "The interests of minority shareholders": -299,
        "Total Cost of profits": -260,
        "Profit after tax corporate income": 4494,
        "Volume": 5000000,
        "Close of Quarter": 5.0,
        "EPS": 1262.5,
        "Non-adjusted EPS": 2525,
        "PE": 2.0,
        "Book Price": 15.9
      }
    },
    {
      "quarter": "Q1 2012",
      "income status": {
        "Net sales": 67318,
        "Cost of goods sold": 61720,
        "Gross Profit": 5598,
        "Financial expenses": 2553,
        "Of which: Interest expense": 2501,
        "Cost of sales": "N/A",
        "Enterprise cost management": 2744,
        "Total Operating Expenses": 5297,
        "Total revenue financing activities": 112,
        "Net profit from business activities": 413,
        "Profit": "N/A",
        "Profit before tax": 4164,
        "Present corporate income tax expenses": 251,
        "Deferred income taxes expenses": "N/A",
        "The interests of minority shareholders": -225,
        "Total Cost of profits": 26,
        "Profit after tax corporate income": 4138,
        "Volume": 5000000,
        "Close of Quarter": 4.4,
        "EPS": 1693.5,
        "Non-adjusted EPS": 3387,
        "PE": 1.3,
        "Book Price": 15.6
      }
    },
    {
      "quarter": "Q4 2011",
      "income status": {
        "Net sales": 108467,
        "Cost of goods sold": 100060,
        "Gross Profit": 8407,
        "Financial expenses": 2278,
        "Of which: Interest expense": 2191,
        "Cost of sales": "N/A",
        "Enterprise cost management": 4445,
        "Total Operating Expenses": 6723,
        "Total revenue financing activities": 101,
        "Net profit from business activities": 1786,
        "Profit": 63,
        "Profit before tax": 1849,
        "Present corporate income tax expenses": 423,
        "Deferred income taxes expenses": "N/A",
        "The interests of minority shareholders": 418,
        "Total Cost of profits": 841,
        "Profit after tax corporate income": 1008,
        "Volume": 5000000,
        "Close of Quarter": 4.0,
        "EPS": 1403,
        "Non-adjusted EPS": 2806,
        "PE": 1.4,
        "Book Price": 12.2
      }
    },
    {
      "quarter": "Q3 2011",
      "income status": {
        "Net sales": 93742,
        "Cost of goods sold": 86420,
        "Gross Profit": 7322,
        "Financial expenses": 2821,
        "Of which: Interest expense": 2617,
        "Cost of sales": "N/A",
        "Enterprise cost management": 2417,
        "Total Operating Expenses": 5238,
        "Total revenue financing activities": 1654,
        "Net profit from business activities": 3738,
        "Profit": -180,
        "Profit before tax": 15464,
        "Present corporate income tax expenses": 469,
        "Deferred income taxes expenses": "N/A",
        "The interests of minority shareholders": 107,
        "Total Cost of profits": 576,
        "Profit after tax corporate income": 2983,
        "Volume": 5000000,
        "Close of Quarter": 6.0,
        "EPS": 1835,
        "Non-adjusted EPS": 3670,
        "PE": 1.6,
        "Book Price": 12.2
      }
    },
    {
      "quarter": "Q2 2011",
      "income status": {
        "Net sales": 115917,
        "Cost of goods sold": 105492,
        "Gross Profit": 10425,
        "Financial expenses": 2289,
        "Of which: Interest expense": 2335,
        "Cost of sales": "N/A",
        "Enterprise cost management": 3482,
        "Total Operating Expenses": 5771,
        "Total revenue financing activities": 47,
        "Net profit from business activities": 4701,
        "Profit": 21,
        "Profit before tax": 10129,
        "Present corporate income tax expenses": 1159,
        "Deferred income taxes expenses": "N/A",
        "The interests of minority shareholders": 165,
        "Total Cost of profits": 1324,
        "Profit after tax corporate income": 8805,
        "Volume": 5000000,
        "Close of Quarter": 8.1,
        "EPS": 1730.5,
        "Non-adjusted EPS": 3461,
        "PE": 2.3,
        "Book Price": 11.8
      }
    },
    {
      "quarter": "Q1 2011",
      "income status": {
        "Net sales": 69016,
        "Cost of goods sold": 63760,
        "Gross Profit": 5256,
        "Financial expenses": 1361,
        "Of which: Interest expense": 1294,
        "Cost of sales": "N/A",
        "Enterprise cost management": 2396,
        "Total Operating Expenses": 3757,
        "Total revenue financing activities": 251,
        "Net profit from business activities": 1749,
        "Profit": 28,
        "Profit before tax": 1777,
        "Present corporate income tax expenses": 440,
        "Deferred income taxes expenses": "N/A",
        "The interests of minority shareholders": 105,
        "Total Cost of profits": 545,
        "Profit after tax corporate income": 1232,
        "Volume": 5000000,
        "Close of Quarter": 6.3,
        "EPS": 1137,
        "Non-adjusted EPS": 2274,
        "PE": 2.8,
        "Book Price": 11.3
      }
    },
    {
      "quarter": "Q4 2010",
      "income status": {
        "Net sales": 161977,
        "Cost of goods sold": 151131,
        "Gross Profit": 10846,
        "Financial expenses": 1508,
        "Of which: Interest expense": 1464,
        "Cost of sales": "N/A",
        "Enterprise cost management": 3635,
        "Total Operating Expenses": 5143,
        "Total revenue financing activities": 2611,
        "Net profit from business activities": 8314,
        "Profit": 17,
        "Profit before tax": 8330,
        "Present corporate income tax expenses": 2195,
        "Deferred income taxes expenses": "N/A",
        "The interests of minority shareholders": 807,
        "Total Cost of profits": 3002,
        "Profit after tax corporate income": 5328,
        "Volume": 5000000,
        "Close of Quarter": 8.5,
        "EPS": 1089.5,
        "Non-adjusted EPS": 2179,
        "PE": 3.9,
        "Book Price": 9.5
      }
    },
    {
      "quarter": "Q3 2010",
      "income status": {
        "Net sales": 66832,
        "Cost of goods sold": 62182,
        "Gross Profit": 4650,
        "Financial expenses": 939,
        "Of which: Interest expense": 928,
        "Cost of sales": "N/A",
        "Enterprise cost management": 1618,
        "Total Operating Expenses": 2557,
        "Total revenue financing activities": 929,
        "Net profit from business activities": 2866,
        "Profit": 13,
        "Profit before tax": 2879,
        "Present corporate income tax expenses": 541,
        "Deferred income taxes expenses": "N/A",
        "The interests of minority shareholders": 400,
        "Total Cost of profits": 941,
        "Profit after tax corporate income": 1938,
        "Volume": 5000000,
        "Close of Quarter": 10.5,
        "EPS": 713.5,
        "Non-adjusted EPS": 1427,
        "PE": 7.3,
        "Book Price": 9.3
      }
    },
    {
      "quarter": "Q2 2010",
      "income status": {
        "Net sales": 95834,
        "Cost of goods sold": 90998,
        "Gross Profit": 4837,
        "Financial expenses": 466,
        "Of which: Interest expense": 459,
        "Cost of sales": "N/A",
        "Enterprise cost management": 1753,
        "Total Operating Expenses": 2219,
        "Total revenue financing activities": 1745,
        "Net profit from business activities": 4362,
        "Profit": -16,
        "Profit before tax": 4347,
        "Present corporate income tax expenses": 1124,
        "Deferred income taxes expenses": "N/A",
        "The interests of minority shareholders": 351,
        "Total Cost of profits": 1475,
        "Profit after tax corporate income": 2872,
        "Volume": 2500000,
        "Close of Quarter": 14.5,
        "EPS": 706.5,
        "Non-adjusted EPS": 2826,
        "PE": 5.1,
        "Book Price": 9.1
      }
    },
    {
      "quarter": "Q1 2010",
      "income status": {
        "Net sales": 42388,
        "Cost of goods sold": 39800,
        "Gross Profit": 2587,
        "Financial expenses": 487,
        "Of which: Interest expense": 420,
        "Cost of sales": "N/A",
        "Enterprise cost management": 1242,
        "Total Operating Expenses": 1729,
        "Total revenue financing activities": 248,
        "Net profit from business activities": 1106,
        "Profit": 23,
        "Profit before tax": 1129,
        "Present corporate income tax expenses": 275,
        "Deferred income taxes expenses": "N/A",
        "The interests of minority shareholders": 97,
        "Total Cost of profits": 372,
        "Profit after tax corporate income": 757,
        "Volume": 2500000,
        "Close of Quarter": 12.7,
        "EPS": 561.3,
        "Non-adjusted EPS": 2245,
        "PE": 5.7,
        "Book Price": 3.8
      }
    },
    {
      "quarter": "Q4 2009",
      "income status": {
        "Net sales": 155165,
        "Cost of goods sold": 149158,
        "Gross Profit": 6007,
        "Financial expenses": 725,
        "Of which: Interest expense": 535,
        "Cost of sales": "N/A",
        "Enterprise cost management": 3427,
        "Total Operating Expenses": 4152,
        "Total revenue financing activities": 179,
        "Net profit from business activities": 2034,
        "Profit": 198,
        "Profit before tax": 2232,
        "Present corporate income tax expenses": 553,
        "Deferred income taxes expenses": "N/A",
        "The interests of minority shareholders": 113,
        "Total Cost of profits": 666,
        "Profit after tax corporate income": 1566,
        "Volume": 2500000,
        "Close of Quarter": 13.4,
        "EPS": 493,
        "Non-adjusted EPS": 1972,
        "PE": 6.8,
        "Book Price": 3.7
      }
    },
    {
      "quarter": "Q3 2009",
      "income status": {
        "Net sales": 62954,
        "Cost of goods sold": 58857,
        "Gross Profit": 4096,
        "Financial expenses": 345,
        "Of which: Interest expense": 345,
        "Cost of sales": 970,
        "Enterprise cost management": "N/A",
        "Total Operating Expenses": 1315,
        "Total revenue financing activities": -136,
        "Net profit from business activities": 2646,
        "Profit": 232,
        "Profit before tax": 2879,
        "Present corporate income tax expenses": 557,
        "Deferred income taxes expenses": "N/A",
        "The interests of minority shareholders": 452,
        "Total Cost of profits": 1009,
        "Profit after tax corporate income": 1869,
        "Volume": 2500000,
        "Close of Quarter": "N/A",
        "EPS": 336.5,
        "Non-adjusted EPS": 1346,
        "PE": "N/A",
        "Book Price": "N/A"
      }
    },
    {
      "quarter": "Q2 2009",
      "income status": {
        "Net sales": 61967,
        "Cost of goods sold": 57547,
        "Gross Profit": 4419,
        "Financial expenses": 201,
        "Of which: Interest expense": 277,
        "Cost of sales": "N/A",
        "Enterprise cost management": 2756,
        "Total Operating Expenses": 2957,
        "Total revenue financing activities": 319,
        "Net profit from business activities": 1781,
        "Profit": -7,
        "Profit before tax": 1774,
        "Present corporate income tax expenses": 390,
        "Deferred income taxes expenses": "N/A",
        "The interests of minority shareholders": -36,
        "Total Cost of profits": 354,
        "Profit after tax corporate income": 1420,
        "Volume": 2500000,
        "Close of Quarter": "N/A",
        "EPS": 149.5,
        "Non-adjusted EPS": 598,
        "PE": "N/A",
        "Book Price": "N/A"
      }
    },
    {
      "quarter": "Q1 2009",
      "income status": {
        "Net sales": 13758,
        "Cost of goods sold": 12765,
        "Gross Profit": 994,
        "Financial expenses": 109,
        "Of which: Interest expense": 90,
        "Cost of sales": "N/A",
        "Enterprise cost management": 740,
        "Total Operating Expenses": 849,
        "Total revenue financing activities": 63,
        "Net profit from business activities": 209,
        "Profit": 30,
        "Profit before tax": 239,
        "Present corporate income tax expenses": 132,
        "Deferred income taxes expenses": "N/A",
        "The interests of minority shareholders": 31,
        "Total Cost of profits": 163,
        "Profit after tax corporate income": 75,
        "Volume": 2500000,
        "Close of Quarter": "N/A",
        "EPS": 7.5,
        "Non-adjusted EPS": 30,
        "PE": "N/A",
        "Book Price": "N/A"
      }
    }
  ]
}