{
  "ticker": "TDC",
  "data": [
    {
      "quarter": "Q1 2017",
      "income status": {
        "Net sales": 178524,
        "Cost of goods sold": 144473,
        "Gross Profit": 34051,
        "Financial expenses": 20564,
        "Of which: Interest expense": 20109,
        "Cost of sales": 15716,
        "Enterprise cost management": 10673,
        "Total Operating Expenses": 46953,
        "Total revenue financing activities": 55,
        "Net profit from business activities": -12747,
        "Profit": 805,
        "Profit before tax": -11941,
        "Present corporate income tax expenses": 721,
        "Deferred income taxes expenses": 1101,
        "The interests of minority shareholders": 903,
        "Total Cost of profits": 2725,
        "Profit after tax corporate income": -14666,
        "Volume": 100000000,
        "Close of Quarter": 6.9,
        "EPS": 1298,
        "Non-adjusted EPS": 1298,
        "PE": 5.3,
        "Book Price": 12.1
      }
    },
    {
      "quarter": "Q4 2016",
      "income status": {
        "Net sales": 756429,
        "Cost of goods sold": 467370,
        "Gross Profit": 289060,
        "Financial expenses": 54633,
        "Of which: Interest expense": 54178,
        "Cost of sales": 20880,
        "Enterprise cost management": 15968,
        "Total Operating Expenses": 91481,
        "Total revenue financing activities": -6,
        "Net profit from business activities": 197686,
        "Profit": 4983,
        "Profit before tax": 202669,
        "Present corporate income tax expenses": 33663,
        "Deferred income taxes expenses": -79,
        "The interests of minority shareholders": 1423,
        "Total Cost of profits": 35007,
        "Profit after tax corporate income": 167662,
        "Volume": 100000000,
        "Close of Quarter": 5.9,
        "EPS": 1208,
        "Non-adjusted EPS": 1208,
        "PE": 4.9,
        "Book Price": 12.2
      }
    },
    {
      "quarter": "Q3 2016",
      "income status": {
        "Net sales": 238989,
        "Cost of goods sold": 200752,
        "Gross Profit": 38238,
        "Financial expenses": 21052,
        "Of which: Interest expense": 22017,
        "Cost of sales": 17070,
        "Enterprise cost management": 11883,
        "Total Operating Expenses": 50005,
        "Total revenue financing activities": 575,
        "Net profit from business activities": -11018,
        "Profit": 920,
        "Profit before tax": -10098,
        "Present corporate income tax expenses": 858,
        "Deferred income taxes expenses": 497,
        "The interests of minority shareholders": 1519,
        "Total Cost of profits": 2874,
        "Profit after tax corporate income": -12972,
        "Volume": 100000000,
        "Close of Quarter": 5.6,
        "EPS": 1362,
        "Non-adjusted EPS": 1362,
        "PE": 4.1,
        "Book Price": 10.5
      }
    },
    {
      "quarter": "Q2 2016",
      "income status": {
        "Net sales": 252591,
        "Cost of goods sold": 211358,
        "Gross Profit": 41232,
        "Financial expenses": 23389,
        "Of which: Interest expense": 19200,
        "Cost of sales": 15299,
        "Enterprise cost management": 13507,
        "Total Operating Expenses": 52195,
        "Total revenue financing activities": 2639,
        "Net profit from business activities": -8161,
        "Profit": 2442,
        "Profit before tax": -5719,
        "Present corporate income tax expenses": 1104,
        "Deferred income taxes expenses": 1061,
        "The interests of minority shareholders": 2341,
        "Total Cost of profits": 4506,
        "Profit after tax corporate income": -10225,
        "Volume": 100000000,
        "Close of Quarter": 5.9,
        "EPS": 1522,
        "Non-adjusted EPS": 1522,
        "PE": 3.9,
        "Book Price": 10.6
      }
    },
    {
      "quarter": "Q1 2016",
      "income status": {
        "Net sales": 201669,
        "Cost of goods sold": 162380,
        "Gross Profit": 39289,
        "Financial expenses": 32441,
        "Of which: Interest expense": 31671,
        "Cost of sales": 16804,
        "Enterprise cost management": 10717,
        "Total Operating Expenses": 59962,
        "Total revenue financing activities": 66,
        "Net profit from business activities": -20475,
        "Profit": -1347,
        "Profit before tax": -21822,
        "Present corporate income tax expenses": 602,
        "Deferred income taxes expenses": 305,
        "The interests of minority shareholders": 939,
        "Total Cost of profits": 1846,
        "Profit after tax corporate income": -23669,
        "Volume": 100000000,
        "Close of Quarter": 6.2,
        "EPS": 1071,
        "Non-adjusted EPS": 1071,
        "PE": 5.8,
        "Book Price": 11.8
      }
    },
    {
      "quarter": "Q4 2015",
      "income status": {
        "Net sales": 922199,
        "Cost of goods sold": 595375,
        "Gross Profit": 326823,
        "Financial expenses": 69786,
        "Of which: Interest expense": 69503,
        "Cost of sales": 25407,
        "Enterprise cost management": 17692,
        "Total Operating Expenses": 112885,
        "Total revenue financing activities": 6311,
        "Net profit from business activities": 220391,
        "Profit": -1754,
        "Profit before tax": 218637,
        "Present corporate income tax expenses": 39083,
        "Deferred income taxes expenses": 753,
        "The interests of minority shareholders": -4235,
        "Total Cost of profits": 35601,
        "Profit after tax corporate income": 183036,
        "Volume": 100000000,
        "Close of Quarter": 6.1,
        "EPS": 1162,
        "Non-adjusted EPS": 1162,
        "PE": 5.2,
        "Book Price": 12
      }
    },
    {
      "quarter": "Q3 2015",
      "income status": {
        "Net sales": 191894,
        "Cost of goods sold": 156878,
        "Gross Profit": 35016,
        "Financial expenses": 9076,
        "Of which: Interest expense": 8491,
        "Cost of sales": 17929,
        "Enterprise cost management": 9452,
        "Total Operating Expenses": 36457,
        "Total revenue financing activities": 628,
        "Net profit from business activities": -621,
        "Profit": 5667,
        "Profit before tax": 5046,
        "Present corporate income tax expenses": 909,
        "Deferred income taxes expenses": -1180,
        "The interests of minority shareholders": 2265,
        "Total Cost of profits": 1994,
        "Profit after tax corporate income": 3052,
        "Volume": 100000000,
        "Close of Quarter": 5.7,
        "EPS": 361,
        "Non-adjusted EPS": 361,
        "PE": 15.9,
        "Book Price": 10.3
      }
    },
    {
      "quarter": "Q2 2015",
      "income status": {
        "Net sales": 208777,
        "Cost of goods sold": 181350,
        "Gross Profit": 27427,
        "Financial expenses": 47536,
        "Of which: Interest expense": 48764,
        "Cost of sales": 21843,
        "Enterprise cost management": 14549,
        "Total Operating Expenses": 83928,
        "Total revenue financing activities": 580,
        "Net profit from business activities": -55739,
        "Profit": -943,
        "Profit before tax": -56681,
        "Present corporate income tax expenses": 432,
        "Deferred income taxes expenses": 41,
        "The interests of minority shareholders": -1794,
        "Total Cost of profits": -1321,
        "Profit after tax corporate income": -55361,
        "Volume": 100000000,
        "Close of Quarter": 7.4,
        "EPS": 503,
        "Non-adjusted EPS": 503,
        "PE": 14.7,
        "Book Price": 10.3
      }
    },
    {
      "quarter": "Q1 2015",
      "income status": {
        "Net sales": 233625,
        "Cost of goods sold": 208653,
        "Gross Profit": 24971,
        "Financial expenses": 15551,
        "Of which: Interest expense": 14453,
        "Cost of sales": 16391,
        "Enterprise cost management": 10852,
        "Total Operating Expenses": 42794,
        "Total revenue financing activities": 474,
        "Net profit from business activities": -17287,
        "Profit": 1803,
        "Profit before tax": -15483,
        "Present corporate income tax expenses": 121,
        "Deferred income taxes expenses": 90,
        "The interests of minority shareholders": -1148,
        "Total Cost of profits": -937,
        "Profit after tax corporate income": -14546,
        "Volume": 100000000,
        "Close of Quarter": 7.6,
        "EPS": 1157,
        "Non-adjusted EPS": 1157,
        "PE": 6.6,
        "Book Price": 11.9
      }
    },
    {
      "quarter": "Q4 2014",
      "income status": {
        "Net sales": 784760,
        "Cost of goods sold": 584068,
        "Gross Profit": 200692,
        "Financial expenses": 34109,
        "Of which: Interest expense": 22892,
        "Cost of sales": 22833,
        "Enterprise cost management": 17298,
        "Total Operating Expenses": 74240,
        "Total revenue financing activities": 3537,
        "Net profit from business activities": 130068,
        "Profit": 4703,
        "Profit before tax": 134771,
        "Present corporate income tax expenses": 32369,
        "Deferred income taxes expenses": 2152,
        "The interests of minority shareholders": -2732,
        "Total Cost of profits": 31789,
        "Profit after tax corporate income": 102982,
        "Volume": 100000000,
        "Close of Quarter": 8.3,
        "EPS": 1088,
        "Non-adjusted EPS": 1088,
        "PE": 7.6,
        "Book Price": 12
      }
    },
    {
      "quarter": "Q3 2014",
      "income status": {
        "Net sales": 249873,
        "Cost of goods sold": 182133,
        "Gross Profit": 67741,
        "Financial expenses": 7398,
        "Of which: Interest expense": 4862,
        "Cost of sales": 21024,
        "Enterprise cost management": 10790,
        "Total Operating Expenses": 39212,
        "Total revenue financing activities": -2253,
        "Net profit from business activities": 26503,
        "Profit": -6043,
        "Profit before tax": 20460,
        "Present corporate income tax expenses": 2488,
        "Deferred income taxes expenses": 1017,
        "The interests of minority shareholders": -274,
        "Total Cost of profits": 3231,
        "Profit after tax corporate income": 17230,
        "Volume": 100000000,
        "Close of Quarter": 7.9,
        "EPS": 1630,
        "Non-adjusted EPS": 1630,
        "PE": 4.9,
        "Book Price": 11
      }
    },
    {
      "quarter": "Q2 2014",
      "income status": {
        "Net sales": 514428,
        "Cost of goods sold": 457354,
        "Gross Profit": 57074,
        "Financial expenses": 16239,
        "Of which: Interest expense": 13297,
        "Cost of sales": 19615,
        "Enterprise cost management": 14133,
        "Total Operating Expenses": 49987,
        "Total revenue financing activities": 3387,
        "Net profit from business activities": 10430,
        "Profit": 591,
        "Profit before tax": 11021,
        "Present corporate income tax expenses": 761,
        "Deferred income taxes expenses": -1335,
        "The interests of minority shareholders": 1577,
        "Total Cost of profits": 1003,
        "Profit after tax corporate income": 10018,
        "Volume": 100000000,
        "Close of Quarter": 8.2,
        "EPS": 1368,
        "Non-adjusted EPS": 1368,
        "PE": 6.0,
        "Book Price": 10.9
      }
    },
    {
      "quarter": "Q1 2014",
      "income status": {
        "Net sales": 76960,
        "Cost of goods sold": 62997,
        "Gross Profit": 13963,
        "Financial expenses": 8698,
        "Of which: Interest expense": 8528,
        "Cost of sales": 24254,
        "Enterprise cost management": 12866,
        "Total Operating Expenses": 45818,
        "Total revenue financing activities": 754,
        "Net profit from business activities": -31059,
        "Profit": 8099,
        "Profit before tax": -22961,
        "Present corporate income tax expenses": 45,
        "Deferred income taxes expenses": -159,
        "The interests of minority shareholders": -1387,
        "Total Cost of profits": -1501,
        "Profit after tax corporate income": -21459,
        "Volume": 100000000,
        "Close of Quarter": 9,
        "EPS": 1340,
        "Non-adjusted EPS": 1340,
        "PE": 6.7,
        "Book Price": 12.2
      }
    },
    {
      "quarter": "Q4 2013",
      "income status": {
        "Net sales": 900186,
        "Cost of goods sold": 645045,
        "Gross Profit": 255141,
        "Financial expenses": 9141,
        "Of which: Interest expense": 9289,
        "Cost of sales": 36923,
        "Enterprise cost management": 18220,
        "Total Operating Expenses": 64284,
        "Total revenue financing activities": 937,
        "Net profit from business activities": 191794,
        "Profit": 19690,
        "Profit before tax": 211596,
        "Present corporate income tax expenses": 50187,
        "Deferred income taxes expenses": 1626,
        "The interests of minority shareholders": 2576,
        "Total Cost of profits": 54389,
        "Profit after tax corporate income": 157207,
        "Volume": 100000000,
        "Close of Quarter": 6.3,
        "EPS": 1577,
        "Non-adjusted EPS": 1577,
        "PE": 4.0,
        "Book Price": 12.2
      }
    },
    {
      "quarter": "Q3 2013",
      "income status": {
        "Net sales": 231664,
        "Cost of goods sold": 206791,
        "Gross Profit": 24872,
        "Financial expenses": 9539,
        "Of which: Interest expense": 9017,
        "Cost of sales": 19822,
        "Enterprise cost management": 13959,
        "Total Operating Expenses": 43320,
        "Total revenue financing activities": 509,
        "Net profit from business activities": -17940,
        "Profit": 5677,
        "Profit before tax": -12109,
        "Present corporate income tax expenses": -958,
        "Deferred income taxes expenses": -1565,
        "The interests of minority shareholders": -614,
        "Total Cost of profits": -3137,
        "Profit after tax corporate income": -8972,
        "Volume": 100000000,
        "Close of Quarter": 5.0,
        "EPS": 1290,
        "Non-adjusted EPS": 1290,
        "PE": 3.9,
        "Book Price": 10.7
      }
    },
    {
      "quarter": "Q2 2013",
      "income status": {
        "Net sales": 263986,
        "Cost of goods sold": 207664,
        "Gross Profit": 56322,
        "Financial expenses": 14827,
        "Of which: Interest expense": 12103,
        "Cost of sales": 22979,
        "Enterprise cost management": 15963,
        "Total Operating Expenses": 53769,
        "Total revenue financing activities": 2286,
        "Net profit from business activities": 4839,
        "Profit": 4162,
        "Profit before tax": 9137,
        "Present corporate income tax expenses": 3011,
        "Deferred income taxes expenses": -1255,
        "The interests of minority shareholders": 151,
        "Total Cost of profits": 1907,
        "Profit after tax corporate income": 7230,
        "Volume": 100000000,
        "Close of Quarter": 5.4,
        "EPS": 1201,
        "Non-adjusted EPS": 1201,
        "PE": 4.5,
        "Book Price": 10.7
      }
    },
    {
      "quarter": "Q1 2013",
      "income status": {
        "Net sales": 234545,
        "Cost of goods sold": 197341,
        "Gross Profit": 37203,
        "Financial expenses": 8802,
        "Of which: Interest expense": 8640,
        "Cost of sales": 14245,
        "Enterprise cost management": 13545,
        "Total Operating Expenses": 36592,
        "Total revenue financing activities": 656,
        "Net profit from business activities": 1267,
        "Profit": 1270,
        "Profit before tax": 2595,
        "Present corporate income tax expenses": 1336,
        "Deferred income taxes expenses": 246,
        "The interests of minority shareholders": -1246,
        "Total Cost of profits": 336,
        "Profit after tax corporate income": 2259,
        "Volume": 100000000,
        "Close of Quarter": 5.5,
        "EPS": 1554,
        "Non-adjusted EPS": 1554,
        "PE": 3.6,
        "Book Price": 12.1
      }
    },
    {
      "quarter": "Q4 2012",
      "income status": {
        "Net sales": 779390,
        "Cost of goods sold": 559915,
        "Gross Profit": 219475,
        "Financial expenses": 12862,
        "Of which: Interest expense": 8259,
        "Cost of sales": 22672,
        "Enterprise cost management": 17666,
        "Total Operating Expenses": 53200,
        "Total revenue financing activities": 696,
        "Net profit from business activities": 166970,
        "Profit": 10919,
        "Profit before tax": 177984,
        "Present corporate income tax expenses": 42838,
        "Deferred income taxes expenses": -1865,
        "The interests of minority shareholders": 8560,
        "Total Cost of profits": 49533,
        "Profit after tax corporate income": 128450,
        "Volume": 100000000,
        "Close of Quarter": 5.2,
        "EPS": 1575,
        "Non-adjusted EPS": 1575,
        "PE": 3.3,
        "Book Price": 12.1
      }
    },
    {
      "quarter": "Q3 2012",
      "income status": {
        "Net sales": 404775,
        "Cost of goods sold": 374458,
        "Gross Profit": 30317,
        "Financial expenses": 12113,
        "Of which: Interest expense": 12113,
        "Cost of sales": 26587,
        "Enterprise cost management": 14896,
        "Total Operating Expenses": 53596,
        "Total revenue financing activities": 538,
        "Net profit from business activities": -22741,
        "Profit": 2979,
        "Profit before tax": -19683,
        "Present corporate income tax expenses": -1520,
        "Deferred income taxes expenses": -405,
        "The interests of minority shareholders": 84,
        "Total Cost of profits": -1841,
        "Profit after tax corporate income": -17842,
        "Volume": 100000000,
        "Close of Quarter": 4.8,
        "EPS": 1190,
        "Non-adjusted EPS": 1190,
        "PE": 4.0,
        "Book Price": 10.7
      }
    },
    {
      "quarter": "Q2 2012",
      "income status": {
        "Net sales": 354140,
        "Cost of goods sold": 285388,
        "Gross Profit": 68751,
        "Financial expenses": 12634,
        "Of which: Interest expense": 13210,
        "Cost of sales": 16762,
        "Enterprise cost management": 13631,
        "Total Operating Expenses": 43027,
        "Total revenue financing activities": 11996,
        "Net profit from business activities": 37720,
        "Profit": 17108,
        "Profit before tax": 54877,
        "Present corporate income tax expenses": 11683,
        "Deferred income taxes expenses": 1536,
        "The interests of minority shareholders": -872,
        "Total Cost of profits": 12347,
        "Profit after tax corporate income": 42530,
        "Volume": 100000000,
        "Close of Quarter": 5.7,
        "EPS": 1703,
        "Non-adjusted EPS": 1703,
        "PE": 3.3,
        "Book Price": 10.9
      }
    },
    {
      "quarter": "Q1 2012",
      "income status": {
        "Net sales": 180548,
        "Cost of goods sold": 158515,
        "Gross Profit": 22032,
        "Financial expenses": 6739,
        "Of which: Interest expense": 4551,
        "Cost of sales": 9343,
        "Enterprise cost management": 10440,
        "Total Operating Expenses": 26522,
        "Total revenue financing activities": 2222,
        "Net profit from business activities": -2267,
        "Profit": 5501,
        "Profit before tax": 3338,
        "Present corporate income tax expenses": 326,
        "Deferred income taxes expenses": -536,
        "The interests of minority shareholders": -796,
        "Total Cost of profits": -1006,
        "Profit after tax corporate income": 4345,
        "Volume": 100000000,
        "Close of Quarter": 5.4,
        "EPS": 1741,
        "Non-adjusted EPS": 1741,
        "PE": 3.1,
        "Book Price": 12.6
      }
    },
    {
      "quarter": "Q4 2011",
      "income status": {
        "Net sales": 767662,
        "Cost of goods sold": 630846,
        "Gross Profit": 136816,
        "Financial expenses": 6146,
        "Of which: Interest expense": 5009,
        "Cost of sales": 24883,
        "Enterprise cost management": 14683,
        "Total Operating Expenses": 45712,
        "Total revenue financing activities": 7533,
        "Net profit from business activities": 98636,
        "Profit": 19292,
        "Profit before tax": 119282,
        "Present corporate income tax expenses": 28004,
        "Deferred income taxes expenses": 1303,
        "The interests of minority shareholders": -6,
        "Total Cost of profits": 29301,
        "Profit after tax corporate income": 89981,
        "Volume": 100000000,
        "Close of Quarter": 4.2,
        "EPS": 1895,
        "Non-adjusted EPS": 1895,
        "PE": 2.2,
        "Book Price": 12.5
      }
    },
    {
      "quarter": "Q3 2011",
      "income status": {
        "Net sales": 293759,
        "Cost of goods sold": 239946,
        "Gross Profit": 53814,
        "Financial expenses": 5920,
        "Of which: Interest expense": 5814,
        "Cost of sales": 9577,
        "Enterprise cost management": 8052,
        "Total Operating Expenses": 23549,
        "Total revenue financing activities": 9688,
        "Net profit from business activities": 39953,
        "Profit": 3825,
        "Profit before tax": 43873,
        "Present corporate income tax expenses": 10212,
        "Deferred income taxes expenses": "N/A",
        "The interests of minority shareholders": 258,
        "Total Cost of profits": 10470,
        "Profit after tax corporate income": 33403,
        "Volume": 100000000,
        "Close of Quarter": 5.5,
        "EPS": 1372,
        "Non-adjusted EPS": 1372,
        "PE": 4.0,
        "Book Price": 11.7
      }
    },
    {
      "quarter": "Q2 2011",
      "income status": {
        "Net sales": 548324,
        "Cost of goods sold": 473033,
        "Gross Profit": 75291,
        "Financial expenses": 7715,
        "Of which: Interest expense": 7708,
        "Cost of sales": 11176,
        "Enterprise cost management": 8729,
        "Total Operating Expenses": 27620,
        "Total revenue financing activities": 5241,
        "Net profit from business activities": 52911,
        "Profit": 8759,
        "Profit before tax": 61670,
        "Present corporate income tax expenses": 15273,
        "Deferred income taxes expenses": "N/A",
        "The interests of minority shareholders": "N/A",
        "Total Cost of profits": 15273,
        "Profit after tax corporate income": 46397,
        "Volume": 100000000,
        "Close of Quarter": 4.0,
        "EPS": 1201,
        "Non-adjusted EPS": 1201,
        "PE": 3.4,
        "Book Price": 11.4
      }
    },
    {
      "quarter": "Q1 2011",
      "income status": {
        "Net sales": 207849,
        "Cost of goods sold": 170983,
        "Gross Profit": 36866,
        "Financial expenses": 3263,
        "Of which: Interest expense": 2070,
        "Cost of sales": 8175,
        "Enterprise cost management": 7435,
        "Total Operating Expenses": 18873,
        "Total revenue financing activities": 1028,
        "Net profit from business activities": 19022,
        "Profit": 7053,
        "Profit before tax": 26075,
        "Present corporate income tax expenses": 6344,
        "Deferred income taxes expenses": "N/A",
        "The interests of minority shareholders": "N/A",
        "Total Cost of profits": 6344,
        "Profit after tax corporate income": 19731,
        "Volume": 20000000,
        "Close of Quarter": 5.6,
        "EPS": 980.6,
        "Non-adjusted EPS": 4903,
        "PE": 1.1,
        "Book Price": 2.9
      }
    },
    {
      "quarter": "Q4 2010",
      "income status": {
        "Net sales": 133074,
        "Cost of goods sold": 122436,
        "Gross Profit": 10638,
        "Financial expenses": 5321,
        "Of which: Interest expense": 3488,
        "Cost of sales": 15159,
        "Enterprise cost management": 10356,
        "Total Operating Expenses": 30836,
        "Total revenue financing activities": 57953,
        "Net profit from business activities": 37755,
        "Profit": 11555,
        "Profit before tax": 49310,
        "Present corporate income tax expenses": 11975,
        "Deferred income taxes expenses": -380,
        "The interests of minority shareholders": "N/A",
        "Total Cost of profits": 11595,
        "Profit after tax corporate income": 37715,
        "Volume": 20000000,
        "Close of Quarter": 6.2,
        "EPS": 962.6,
        "Non-adjusted EPS": 4813,
        "PE": 1.3,
        "Book Price": 3.5
      }
    },
    {
      "quarter": "Q3 2010",
      "income status": {
        "Net sales": 161441,
        "Cost of goods sold": 136743,
        "Gross Profit": 24698,
        "Financial expenses": 2706,
        "Of which: Interest expense": 1319,
        "Cost of sales": 8818,
        "Enterprise cost management": 5148,
        "Total Operating Expenses": 16672,
        "Total revenue financing activities": 5965,
        "Net profit from business activities": 13991,
        "Profit": 7312,
        "Profit before tax": 21303,
        "Present corporate income tax expenses": 5041,
        "Deferred income taxes expenses": "N/A",
        "The interests of minority shareholders": "N/A",
        "Total Cost of profits": 5041,
        "Profit after tax corporate income": 16263,
        "Volume": 20000000,
        "Close of Quarter": 7.9,
        "EPS": 876,
        "Non-adjusted EPS": 4380,
        "PE": 1.8,
        "Book Price": 3.3
      }
    },
    {
      "quarter": "Q2 2010",
      "income status": {
        "Net sales": 209401,
        "Cost of goods sold": "N/A",
        "Gross Profit": 36047,
        "Financial expenses": "N/A",
        "Of which: Interest expense": 2510,
        "Cost of sales": 6001,
        "Enterprise cost management": 4928,
        "Total Operating Expenses": 10929,
        "Total revenue financing activities": "N/A",
        "Net profit from business activities": 26964,
        "Profit": 5043,
        "Profit before tax": 32007,
        "Present corporate income tax expenses": 7654,
        "Deferred income taxes expenses": "N/A",
        "The interests of minority shareholders": "N/A",
        "Total Cost of profits": 7654,
        "Profit after tax corporate income": 24353,
        "Volume": 20000000,
        "Close of Quarter": 8.9,
        "EPS": 887.8,
        "Non-adjusted EPS": 4439,
        "PE": 2,
        "Book Price": 3.1
      }
    },
    {
      "quarter": "Q1 2010",
      "income status": {
        "Net sales": 140644,
        "Cost of goods sold": "N/A",
        "Gross Profit": 25016,
        "Financial expenses": "N/A",
        "Of which: Interest expense": 2103,
        "Cost of sales": 4278,
        "Enterprise cost management": 4104,
        "Total Operating Expenses": 8382,
        "Total revenue financing activities": "N/A",
        "Net profit from business activities": 21643,
        "Profit": 2263,
        "Profit before tax": 23906,
        "Present corporate income tax expenses": 5980,
        "Deferred income taxes expenses": "N/A",
        "The interests of minority shareholders": "N/A",
        "Total Cost of profits": 5980,
        "Profit after tax corporate income": 17926,
        "Volume": 20000000,
        "Close of Quarter": "N/A",
        "EPS": 723,
        "Non-adjusted EPS": 3615,
        "PE": "N/A",
        "Book Price": 2.9
      }
    },
    {
      "quarter": "Q3 2009",
      "income status": {
        "Net sales": 184002,
        "Cost of goods sold": 143631,
        "Gross Profit": 40371,
        "Financial expenses": 1096,
        "Of which: Interest expense": 1089,
        "Cost of sales": 3695,
        "Enterprise cost management": 3051,
        "Total Operating Expenses": 7842,
        "Total revenue financing activities": 1046,
        "Net profit from business activities": 33574,
        "Profit": 5234,
        "Profit before tax": 38808,
        "Present corporate income tax expenses": 9758,
        "Deferred income taxes expenses": "N/A",
        "The interests of minority shareholders": "N/A",
        "Total Cost of profits": 9758,
        "Profit after tax corporate income": 29050,
        "Volume": 20000000,
        "Close of Quarter": "N/A",
        "EPS": 543.8,
        "Non-adjusted EPS": 2719,
        "PE": "N/A",
        "Book Price": "N/A"
      }
    },
    {
      "quarter": "Q2 2009",
      "income status": {
        "Net sales": 175635,
        "Cost of goods sold": 151604,
        "Gross Profit": 24031,
        "Financial expenses": 318,
        "Of which: Interest expense": 318,
        "Cost of sales": 2963,
        "Enterprise cost management": 3623,
        "Total Operating Expenses": 6904,
        "Total revenue financing activities": 1917,
        "Net profit from business activities": 19045,
        "Profit": 3865,
        "Profit before tax": 22911,
        "Present corporate income tax expenses": 5458,
        "Deferred income taxes expenses": "N/A",
        "The interests of minority shareholders": "N/A",
        "Total Cost of profits": 5458,
        "Profit after tax corporate income": 17453,
        "Volume": 20000000,
        "Close of Quarter": "N/A",
        "EPS": 253.4,
        "Non-adjusted EPS": 1267,
        "PE": "N/A",
        "Book Price": "N/A"
      }
    },
    {
      "quarter": "Q1 2009",
      "income status": {
        "Net sales": 71197,
        "Cost of goods sold": 60836,
        "Gross Profit": 10361,
        "Financial expenses": 685,
        "Of which: Interest expense": 685,
        "Cost of sales": 1849,
        "Enterprise cost management": 3340,
        "Total Operating Expenses": 5874,
        "Total revenue financing activities": 662,
        "Net profit from business activities": 5149,
        "Profit": 5746,
        "Profit before tax": 10894,
        "Present corporate income tax expenses": 3014,
        "Deferred income taxes expenses": "N/A",
        "The interests of minority shareholders": "N/A",
        "Total Cost of profits": 3014,
        "Profit after tax corporate income": 7880,
        "Volume": 20000000,
        "Close of Quarter": "N/A",
        "EPS": 78.8,
        "Non-adjusted EPS": 394,
        "PE": "N/A",
        "Book Price": "N/A"
      }
    }
  ]
}