{
  "ticker": "MDF",
  "data": [
    {
      "quarter": "Q1 2017",
      "income status": {
        "Net sales": 230038,
        "Cost of goods sold": 180106,
        "Gross Profit": 49932,
        "Financial expenses": 17689,
        "Of which: Interest expense": 17488,
        "Cost of sales": 29865,
        "Enterprise cost management": 2682,
        "Total Operating Expenses": 50236,
        "Total revenue financing activities": 314,
        "Net profit from business activities": 10,
        "Profit": "N/A",
        "Profit before tax": 10,
        "Present corporate income tax expenses": "N/A",
        "Deferred income taxes expenses": "N/A",
        "The interests of minority shareholders": "N/A",
        "Total Cost of profits": 0,
        "Profit after tax corporate income": 10,
        "Volume": 55113595,
        "Close of Quarter": 11,
        "EPS": 271,
        "Non-adjusted EPS": 271,
        "PE": 40.6,
        "Book Price": 11.9
      }
    },
    {
      "quarter": "Q4 2016",
      "income status": {
        "Net sales": 231229,
        "Cost of goods sold": 174459,
        "Gross Profit": 56770,
        "Financial expenses": 17789,
        "Of which: Interest expense": 17770,
        "Cost of sales": 28358,
        "Enterprise cost management": 6103,
        "Total Operating Expenses": 52250,
        "Total revenue financing activities": 1063,
        "Net profit from business activities": 5583,
        "Profit": 39,
        "Profit before tax": 5622,
        "Present corporate income tax expenses": 514,
        "Deferred income taxes expenses": "N/A",
        "The interests of minority shareholders": "N/A",
        "Total Cost of profits": 514,
        "Profit after tax corporate income": 5108,
        "Volume": 55113595,
        "Close of Quarter": 8.8,
        "EPS": 340,
        "Non-adjusted EPS": 340,
        "PE": 25.9,
        "Book Price": 11.9
      }
    },
    {
      "quarter": "Q3 2016",
      "income status": {
        "Net sales": 158926,
        "Cost of goods sold": 111113,
        "Gross Profit": 47813,
        "Financial expenses": 12279,
        "Of which: Interest expense": 12213,
        "Cost of sales": 20349,
        "Enterprise cost management": 2790,
        "Total Operating Expenses": 35418,
        "Total revenue financing activities": 183,
        "Net profit from business activities": 12578,
        "Profit": 165,
        "Profit before tax": 12743,
        "Present corporate income tax expenses": 998,
        "Deferred income taxes expenses": "N/A",
        "The interests of minority shareholders": "N/A",
        "Total Cost of profits": 998,
        "Profit after tax corporate income": 11746,
        "Volume": 55113595,
        "Close of Quarter": 4.1,
        "EPS": 477,
        "Non-adjusted EPS": 477,
        "PE": 8.6,
        "Book Price": 11.8
      }
    },
    {
      "quarter": "Q2 2016",
      "income status": {
        "Net sales": 100283,
        "Cost of goods sold": 82533,
        "Gross Profit": 17750,
        "Financial expenses": 1080,
        "Of which: Interest expense": 1005,
        "Cost of sales": 15054,
        "Enterprise cost management": 3069,
        "Total Operating Expenses": 19203,
        "Total revenue financing activities": 96,
        "Net profit from business activities": -1357,
        "Profit": -664,
        "Profit before tax": -2021,
        "Present corporate income tax expenses": -87,
        "Deferred income taxes expenses": "N/A",
        "The interests of minority shareholders": "N/A",
        "Total Cost of profits": -87,
        "Profit after tax corporate income": -1934,
        "Volume": 55113595,
        "Close of Quarter": 6.5,
        "EPS": 459,
        "Non-adjusted EPS": 459,
        "PE": 14.2,
        "Book Price": 11.5
      }
    },
    {
      "quarter": "Q1 2016",
      "income status": {
        "Net sales": 81394,
        "Cost of goods sold": 63204,
        "Gross Profit": 18190,
        "Financial expenses": 467,
        "Of which: Interest expense": 373,
        "Cost of sales": 11424,
        "Enterprise cost management": 2414,
        "Total Operating Expenses": 14305,
        "Total revenue financing activities": 319,
        "Net profit from business activities": 4204,
        "Profit": -56,
        "Profit before tax": 4148,
        "Present corporate income tax expenses": 318,
        "Deferred income taxes expenses": "N/A",
        "The interests of minority shareholders": "N/A",
        "Total Cost of profits": 318,
        "Profit after tax corporate income": 3829,
        "Volume": 55113595,
        "Close of Quarter": 3.9,
        "EPS": 745,
        "Non-adjusted EPS": 745,
        "PE": 5.3,
        "Book Price": 11.8
      }
    },
    {
      "quarter": "Q3 2015",
      "income status": {
        "Net sales": 108131,
        "Cost of goods sold": 76221,
        "Gross Profit": 31910,
        "Financial expenses": 319,
        "Of which: Interest expense": 305,
        "Cost of sales": 15967,
        "Enterprise cost management": 3177,
        "Total Operating Expenses": 19463,
        "Total revenue financing activities": 1428,
        "Net profit from business activities": 13875,
        "Profit": -54,
        "Profit before tax": 13821,
        "Present corporate income tax expenses": 1154,
        "Deferred income taxes expenses": "N/A",
        "The interests of minority shareholders": "N/A",
        "Total Cost of profits": 1154,
        "Profit after tax corporate income": 12668,
        "Volume": 55113595,
        "Close of Quarter": 5.5,
        "EPS": 835,
        "Non-adjusted EPS": 835,
        "PE": 6.6,
        "Book Price": "N/A"
      }
    },
    {
      "quarter": "Q2 2015",
      "income status": {
        "Net sales": 99810,
        "Cost of goods sold": 70274,
        "Gross Profit": 29536,
        "Financial expenses": 880,
        "Of which: Interest expense": "N/A",
        "Cost of sales": 14957,
        "Enterprise cost management": 2919,
        "Total Operating Expenses": 18756,
        "Total revenue financing activities": 1397,
        "Net profit from business activities": 12178,
        "Profit": -373,
        "Profit before tax": 11805,
        "Present corporate income tax expenses": 1079,
        "Deferred income taxes expenses": "N/A",
        "The interests of minority shareholders": "N/A",
        "Total Cost of profits": 1079,
        "Profit after tax corporate income": 10726,
        "Volume": 45039897,
        "Close of Quarter": 4.8,
        "EPS": 605.6,
        "Non-adjusted EPS": 741,
        "PE": 6.5,
        "Book Price": 11.8
      }
    },
    {
      "quarter": "Q1 2015",
      "income status": {
        "Net sales": 101867,
        "Cost of goods sold": 69460,
        "Gross Profit": 32407,
        "Financial expenses": 832,
        "Of which: Interest expense": "N/A",
        "Cost of sales": 15285,
        "Enterprise cost management": 2222,
        "Total Operating Expenses": 18339,
        "Total revenue financing activities": 1039,
        "Net profit from business activities": 15107,
        "Profit": 34,
        "Profit before tax": 15141,
        "Present corporate income tax expenses": 1282,
        "Deferred income taxes expenses": "N/A",
        "The interests of minority shareholders": "N/A",
        "Total Cost of profits": 1282,
        "Profit after tax corporate income": 13859,
        "Volume": 45039897,
        "Close of Quarter": 3.8,
        "EPS": 411.1,
        "Non-adjusted EPS": 503,
        "PE": 7.6,
        "Book Price": 9.7
      }
    },
    {
      "quarter": "Q1 2014",
      "income status": {
        "Net sales": 92752,
        "Cost of goods sold": 70979,
        "Gross Profit": 21773,
        "Financial expenses": 16,
        "Of which: Interest expense": "N/A",
        "Cost of sales": 12721,
        "Enterprise cost management": 1949,
        "Total Operating Expenses": 14686,
        "Total revenue financing activities": 1165,
        "Net profit from business activities": 8252,
        "Profit": 532,
        "Profit before tax": 8784,
        "Present corporate income tax expenses": "N/A",
        "Deferred income taxes expenses": "N/A",
        "The interests of minority shareholders": "N/A",
        "Total Cost of profits": 0,
        "Profit after tax corporate income": 8784,
        "Volume": 34445997,
        "Close of Quarter": 5.4,
        "EPS": 159.4,
        "Non-adjusted EPS": 255,
        "PE": 21.0,
        "Book Price": "N/A"
      }
    }
  ]
}