{
  "ticker": "VGG",
  "data": [
    {
      "quarter": "Q1 2017",
      "income status": {
        "Net sales": 1511926,
        "Cost of goods sold": 1298917,
        "Gross Profit": 213010,
        "Financial expenses": 9242,
        "Of which: Interest expense": "N/A",
        "Cost of sales": 70277,
        "Enterprise cost management": 57227,
        "Total Operating Expenses": 136746,
        "Total revenue financing activities": 7961,
        "Net profit from business activities": 95372,
        "Profit": 747,
        "Profit before tax": 96119,
        "Present corporate income tax expenses": 18088,
        "Deferred income taxes expenses": "N/A",
        "The interests of minority shareholders": -2138,
        "Total Cost of profits": 15950,
        "Profit after tax corporate income": 80169,
        "Volume": 42000000,
        "Close of Quarter": 63,
        "EPS": 9124,
        "Non-adjusted EPS": 9124,
        "PE": 6.9,
        "Book Price": 32.5
      }
    },
    {
      "quarter": "Q4 2016",
      "income status": {
        "Net sales": 1858825,
        "Cost of goods sold": 1605142,
        "Gross Profit": 253683,
        "Financial expenses": 6516,
        "Of which: Interest expense": 6516,
        "Cost of sales": 93111,
        "Enterprise cost management": 65831,
        "Total Operating Expenses": 165458,
        "Total revenue financing activities": 34310,
        "Net profit from business activities": 140479,
        "Profit": 3257,
        "Profit before tax": 143737,
        "Present corporate income tax expenses": 24360,
        "Deferred income taxes expenses": "N/A",
        "The interests of minority shareholders": 10241,
        "Total Cost of profits": 34601,
        "Profit after tax corporate income": 109136,
        "Volume": 42000000,
        "Close of Quarter": 61.0,
        "EPS": 9042,
        "Non-adjusted EPS": 9042,
        "PE": 6.7,
        "Book Price": 31.4
      }
    },
    {
      "quarter": "Q3 2016",
      "income status": {
        "Net sales": 2146814,
        "Cost of goods sold": 1901616,
        "Gross Profit": 245198,
        "Financial expenses": 488,
        "Of which: Interest expense": "N/A",
        "Cost of sales": 70954,
        "Enterprise cost management": 63732,
        "Total Operating Expenses": 135174,
        "Total revenue financing activities": 5223,
        "Net profit from business activities": 125436,
        "Profit": 3413,
        "Profit before tax": 128849,
        "Present corporate income tax expenses": 22163,
        "Deferred income taxes expenses": "N/A",
        "The interests of minority shareholders": 7647,
        "Total Cost of profits": 29810,
        "Profit after tax corporate income": 99038,
        "Volume": 42000000,
        "Close of Quarter": 58.2,
        "EPS": 8479,
        "Non-adjusted EPS": 8479,
        "PE": 6.9,
        "Book Price": 32.4
      }
    },
    {
      "quarter": "Q2 2016",
      "income status": {
        "Net sales": 2000325,
        "Cost of goods sold": 1786341,
        "Gross Profit": 213984,
        "Financial expenses": 6444,
        "Of which: Interest expense": "N/A",
        "Cost of sales": 57606,
        "Enterprise cost management": 72383,
        "Total Operating Expenses": 136433,
        "Total revenue financing activities": 16484,
        "Net profit from business activities": 115668,
        "Profit": 2193,
        "Profit before tax": 117862,
        "Present corporate income tax expenses": 19804,
        "Deferred income taxes expenses": "N/A",
        "The interests of minority shareholders": 3205,
        "Total Cost of profits": 23009,
        "Profit after tax corporate income": 94853,
        "Volume": 42000000,
        "Close of Quarter": 62.1,
        "EPS": 7713,
        "Non-adjusted EPS": 7713,
        "PE": 8.1,
        "Book Price": 30.4
      }
    },
    {
      "quarter": "Q1 2016",
      "income status": {
        "Net sales": 1513924,
        "Cost of goods sold": 1316088,
        "Gross Profit": 197836,
        "Financial expenses": 9645,
        "Of which: Interest expense": 584,
        "Cost of sales": 54674,
        "Enterprise cost management": 58285,
        "Total Operating Expenses": 122604,
        "Total revenue financing activities": 5835,
        "Net profit from business activities": 93028,
        "Profit": 2107,
        "Profit before tax": 95135,
        "Present corporate income tax expenses": 17802,
        "Deferred income taxes expenses": "N/A",
        "The interests of minority shareholders": 582,
        "Total Cost of profits": 18384,
        "Profit after tax corporate income": 76751,
        "Volume": 28000000,
        "Close of Quarter": 60.8,
        "EPS": 7433.3,
        "Non-adjusted EPS": 11150,
        "PE": 5.5,
        "Book Price": 29
      }
    },
    {
      "quarter": "Q3 2015",
      "income status": {
        "Net sales": 1787754,
        "Cost of goods sold": 1613807,
        "Gross Profit": 173947,
        "Financial expenses": 14211,
        "Of which: Interest expense": 1751,
        "Cost of sales": 54790,
        "Enterprise cost management": 57273,
        "Total Operating Expenses": 126274,
        "Total revenue financing activities": 32037,
        "Net profit from business activities": 103924,
        "Profit": 1599,
        "Profit before tax": 105524,
        "Present corporate income tax expenses": 14068,
        "Deferred income taxes expenses": "N/A",
        "The interests of minority shareholders": 5981,
        "Total Cost of profits": 20049,
        "Profit after tax corporate income": 85474,
        "Volume": 28000000,
        "Close of Quarter": "N/A",
        "EPS": 5606,
        "Non-adjusted EPS": 8409,
        "PE": "N/A",
        "Book Price": 26.7
      }
    },
    {
      "quarter": "Q1 2015",
      "income status": {
        "Net sales": 1282204,
        "Cost of goods sold": 1099682,
        "Gross Profit": 182522,
        "Financial expenses": 5942,
        "Of which: Interest expense": 1750,
        "Cost of sales": 54717,
        "Enterprise cost management": 51541,
        "Total Operating Expenses": 112200,
        "Total revenue financing activities": 6166,
        "Net profit from business activities": 84171,
        "Profit": 1851,
        "Profit before tax": 86022,
        "Present corporate income tax expenses": 17819,
        "Deferred income taxes expenses": "N/A",
        "The interests of minority shareholders": 1331,
        "Total Cost of profits": 19150,
        "Profit after tax corporate income": 66872,
        "Volume": 28000000,
        "Close of Quarter": "N/A",
        "EPS": 3570.7,
        "Non-adjusted EPS": 5356,
        "PE": "N/A",
        "Book Price": "N/A"
      }
    },
    {
      "quarter": "Q3 2014",
      "income status": {
        "Net sales": 1370558,
        "Cost of goods sold": 1175938,
        "Gross Profit": 194620,
        "Financial expenses": 4558,
        "Of which: Interest expense": 1769,
        "Cost of sales": 60561,
        "Enterprise cost management": 47382,
        "Total Operating Expenses": 112501,
        "Total revenue financing activities": 4105,
        "Net profit from business activities": 105500,
        "Profit": 1057,
        "Profit before tax": 106557,
        "Present corporate income tax expenses": 18346,
        "Deferred income taxes expenses": "N/A",
        "The interests of minority shareholders": 5109,
        "Total Cost of profits": 23455,
        "Profit after tax corporate income": 83102,
        "Volume": 28000000,
        "Close of Quarter": "N/A",
        "EPS": 1978.7,
        "Non-adjusted EPS": 2968,
        "PE": "N/A",
        "Book Price": "N/A"
      }
    }
  ]
}