{
  "ticker": "TL4",
  "data": [
    {
      "quarter": "Q1 2017",
      "income status": {
        "Net sales": 35562,
        "Cost of goods sold": 33860,
        "Gross Profit": 1702,
        "Financial expenses": 2672,
        "Of which: Interest expense": 2672,
        "Cost of sales": 196,
        "Enterprise cost management": 4379,
        "Total Operating Expenses": 7247,
        "Total revenue financing activities": 1282,
        "Net profit from business activities": -4263,
        "Profit": 38,
        "Profit before tax": -4225,
        "Present corporate income tax expenses": 184,
        "Deferred income taxes expenses": "N/A",
        "The interests of minority shareholders": 361,
        "Total Cost of profits": 545,
        "Profit after tax corporate income": -4770,
        "Volume": 16008338,
        "Close of Quarter": 7.5,
        "EPS": 850,
        "Non-adjusted EPS": 850,
        "PE": 8.8,
        "Book Price": 23.3
      }
    },
    {
      "quarter": "Q4 2016",
      "income status": {
        "Net sales": 122544,
        "Cost of goods sold": 98312,
        "Gross Profit": 24232,
        "Financial expenses": 3959,
        "Of which: Interest expense": 3527,
        "Cost of sales": 492,
        "Enterprise cost management": 8791,
        "Total Operating Expenses": 13242,
        "Total revenue financing activities": 2509,
        "Net profit from business activities": 13928,
        "Profit": 4526,
        "Profit before tax": 18454,
        "Present corporate income tax expenses": 3311,
        "Deferred income taxes expenses": "N/A",
        "The interests of minority shareholders": 1496,
        "Total Cost of profits": 4807,
        "Profit after tax corporate income": 13648,
        "Volume": 16008338,
        "Close of Quarter": 6.5,
        "EPS": 1226,
        "Non-adjusted EPS": 1226,
        "PE": 5.3,
        "Book Price": 23.4
      }
    },
    {
      "quarter": "Q3 2016",
      "income status": {
        "Net sales": 90876,
        "Cost of goods sold": 83103,
        "Gross Profit": 7773,
        "Financial expenses": 3477,
        "Of which: Interest expense": 3477,
        "Cost of sales": 216,
        "Enterprise cost management": 4465,
        "Total Operating Expenses": 8158,
        "Total revenue financing activities": 1630,
        "Net profit from business activities": 708,
        "Profit": 2,
        "Profit before tax": 710,
        "Present corporate income tax expenses": 285,
        "Deferred income taxes expenses": 400,
        "The interests of minority shareholders": -1564,
        "Total Cost of profits": -879,
        "Profit after tax corporate income": 1589,
        "Volume": 16008338,
        "Close of Quarter": 6.9,
        "EPS": 1603,
        "Non-adjusted EPS": 1603,
        "PE": 4.3,
        "Book Price": 22.5
      }
    },
    {
      "quarter": "Q2 2016",
      "income status": {
        "Net sales": 76266,
        "Cost of goods sold": 69022,
        "Gross Profit": 7244,
        "Financial expenses": 3766,
        "Of which: Interest expense": 3744,
        "Cost of sales": 602,
        "Enterprise cost management": 5330,
        "Total Operating Expenses": 9698,
        "Total revenue financing activities": 8828,
        "Net profit from business activities": 6373,
        "Profit": -1357,
        "Profit before tax": 5016,
        "Present corporate income tax expenses": 486,
        "Deferred income taxes expenses": "N/A",
        "The interests of minority shareholders": 1392,
        "Total Cost of profits": 1878,
        "Profit after tax corporate income": 3139,
        "Volume": 16008338,
        "Close of Quarter": 8.3,
        "EPS": 1448,
        "Non-adjusted EPS": 1448,
        "PE": 5.7,
        "Book Price": 23
      }
    },
    {
      "quarter": "Q1 2016",
      "income status": {
        "Net sales": 60002,
        "Cost of goods sold": 51364,
        "Gross Profit": 8638,
        "Financial expenses": 3130,
        "Of which: Interest expense": 3130,
        "Cost of sales": 515,
        "Enterprise cost management": 4588,
        "Total Operating Expenses": 8233,
        "Total revenue financing activities": 1423,
        "Net profit from business activities": 1827,
        "Profit": -11,
        "Profit before tax": 1816,
        "Present corporate income tax expenses": 359,
        "Deferred income taxes expenses": "N/A",
        "The interests of minority shareholders": 205,
        "Total Cost of profits": 564,
        "Profit after tax corporate income": 1251,
        "Volume": 16008338,
        "Close of Quarter": 10.1,
        "EPS": 1639,
        "Non-adjusted EPS": 1639,
        "PE": 6.2,
        "Book Price": 22.8
      }
    },
    {
      "quarter": "Q4 2015",
      "income status": {
        "Net sales": 130021,
        "Cost of goods sold": 95890,
        "Gross Profit": 34131,
        "Financial expenses": 4398,
        "Of which: Interest expense": 3651,
        "Cost of sales": 733,
        "Enterprise cost management": 7014,
        "Total Operating Expenses": 12145,
        "Total revenue financing activities": 3147,
        "Net profit from business activities": 23940,
        "Profit": -447,
        "Profit before tax": 23493,
        "Present corporate income tax expenses": 2912,
        "Deferred income taxes expenses": 51,
        "The interests of minority shareholders": 844,
        "Total Cost of profits": 3807,
        "Profit after tax corporate income": 19686,
        "Volume": 16008338,
        "Close of Quarter": 8.3,
        "EPS": 1816,
        "Non-adjusted EPS": 1816,
        "PE": 4.6,
        "Book Price": 22.7
      }
    },
    {
      "quarter": "Q3 2015",
      "income status": {
        "Net sales": 140567,
        "Cost of goods sold": 122927,
        "Gross Profit": 17640,
        "Financial expenses": 3761,
        "Of which: Interest expense": 3761,
        "Cost of sales": 1103,
        "Enterprise cost management": 4282,
        "Total Operating Expenses": 9146,
        "Total revenue financing activities": 3118,
        "Net profit from business activities": 11556,
        "Profit": 272,
        "Profit before tax": 11828,
        "Present corporate income tax expenses": 4646,
        "Deferred income taxes expenses": 12,
        "The interests of minority shareholders": 8072,
        "Total Cost of profits": 12730,
        "Profit after tax corporate income": -902,
        "Volume": 16008338,
        "Close of Quarter": 5.7,
        "EPS": 1795,
        "Non-adjusted EPS": 1795,
        "PE": 3.2,
        "Book Price": 21.4
      }
    },
    {
      "quarter": "Q2 2015",
      "income status": {
        "Net sales": 91680,
        "Cost of goods sold": 77457,
        "Gross Profit": 14223,
        "Financial expenses": 4056,
        "Of which: Interest expense": 3740,
        "Cost of sales": 982,
        "Enterprise cost management": -251,
        "Total Operating Expenses": 4787,
        "Total revenue financing activities": 3236,
        "Net profit from business activities": 12535,
        "Profit": 815,
        "Profit before tax": 13350,
        "Present corporate income tax expenses": 2586,
        "Deferred income taxes expenses": 30,
        "The interests of minority shareholders": 4535,
        "Total Cost of profits": 7151,
        "Profit after tax corporate income": 6199,
        "Volume": 16008338,
        "Close of Quarter": 6.0,
        "EPS": 2070,
        "Non-adjusted EPS": 2070,
        "PE": 2.9,
        "Book Price": 21
      }
    },
    {
      "quarter": "Q1 2015",
      "income status": {
        "Net sales": 143306,
        "Cost of goods sold": 128492,
        "Gross Profit": 14814,
        "Financial expenses": 4038,
        "Of which: Interest expense": 3789,
        "Cost of sales": 1282,
        "Enterprise cost management": 4478,
        "Total Operating Expenses": 9798,
        "Total revenue financing activities": 2760,
        "Net profit from business activities": 7767,
        "Profit": 261,
        "Profit before tax": 8028,
        "Present corporate income tax expenses": 1452,
        "Deferred income taxes expenses": 2,
        "The interests of minority shareholders": 2481,
        "Total Cost of profits": 3935,
        "Profit after tax corporate income": 4093,
        "Volume": 16008338,
        "Close of Quarter": 7.6,
        "EPS": 1899,
        "Non-adjusted EPS": 1899,
        "PE": 4.0,
        "Book Price": 21
      }
    },
    {
      "quarter": "Q4 2014",
      "income status": {
        "Net sales": 619474,
        "Cost of goods sold": 554909,
        "Gross Profit": 64565,
        "Financial expenses": 4809,
        "Of which: Interest expense": 4716,
        "Cost of sales": "N/A",
        "Enterprise cost management": 18616,
        "Total Operating Expenses": 23425,
        "Total revenue financing activities": 1517,
        "Net profit from business activities": 42293,
        "Profit": 796,
        "Profit before tax": 43089,
        "Present corporate income tax expenses": 9087,
        "Deferred income taxes expenses": 2,
        "The interests of minority shareholders": 14662,
        "Total Cost of profits": 23751,
        "Profit after tax corporate income": 19338,
        "Volume": 16008338,
        "Close of Quarter": "N/A",
        "EPS": 1780,
        "Non-adjusted EPS": 1780,
        "PE": "N/A",
        "Book Price": 20.6
      }
    },
    {
      "quarter": "Q3 2014",
      "income status": {
        "Net sales": 80472,
        "Cost of goods sold": 68633,
        "Gross Profit": 11839,
        "Financial expenses": 5115,
        "Of which: Interest expense": 5115,
        "Cost of sales": "N/A",
        "Enterprise cost management": 4082,
        "Total Operating Expenses": 9197,
        "Total revenue financing activities": 1627,
        "Net profit from business activities": 4138,
        "Profit": 454,
        "Profit before tax": 4592,
        "Present corporate income tax expenses": 986,
        "Deferred income taxes expenses": 28,
        "The interests of minority shareholders": 74,
        "Total Cost of profits": 1088,
        "Profit after tax corporate income": 3504,
        "Volume": 16008338,
        "Close of Quarter": "N/A",
        "EPS": 1078,
        "Non-adjusted EPS": 1078,
        "PE": "N/A",
        "Book Price": 19.1
      }
    },
    {
      "quarter": "Q2 2014",
      "income status": {
        "Net sales": 73507,
        "Cost of goods sold": 70214,
        "Gross Profit": 3294,
        "Financial expenses": 5348,
        "Of which: Interest expense": 5023,
        "Cost of sales": "N/A",
        "Enterprise cost management": 5057,
        "Total Operating Expenses": 10405,
        "Total revenue financing activities": 6753,
        "Net profit from business activities": -536,
        "Profit": 2940,
        "Profit before tax": 2404,
        "Present corporate income tax expenses": -395,
        "Deferred income taxes expenses": 192,
        "The interests of minority shareholders": -857,
        "Total Cost of profits": -1060,
        "Profit after tax corporate income": 3465,
        "Volume": 16008338,
        "Close of Quarter": "N/A",
        "EPS": 965,
        "Non-adjusted EPS": 965,
        "PE": "N/A",
        "Book Price": 18.9
      }
    },
    {
      "quarter": "Q1 2014",
      "income status": {
        "Net sales": 60773,
        "Cost of goods sold": 50418,
        "Gross Profit": 10356,
        "Financial expenses": 5143,
        "Of which: Interest expense": 5051,
        "Cost of sales": "N/A",
        "Enterprise cost management": 4853,
        "Total Operating Expenses": 9996,
        "Total revenue financing activities": 2026,
        "Net profit from business activities": 2292,
        "Profit": 210,
        "Profit before tax": 2502,
        "Present corporate income tax expenses": 648,
        "Deferred income taxes expenses": 82,
        "The interests of minority shareholders": -423,
        "Total Cost of profits": 307,
        "Profit after tax corporate income": 2195,
        "Volume": 16008338,
        "Close of Quarter": "N/A",
        "EPS": 749,
        "Non-adjusted EPS": 749,
        "PE": "N/A",
        "Book Price": 18.9
      }
    },
    {
      "quarter": "Q3 2013",
      "income status": {
        "Net sales": 140930,
        "Cost of goods sold": 129843,
        "Gross Profit": 11087,
        "Financial expenses": 7587,
        "Of which: Interest expense": 7587,
        "Cost of sales": "N/A",
        "Enterprise cost management": 4688,
        "Total Operating Expenses": 12275,
        "Total revenue financing activities": 5185,
        "Net profit from business activities": 3997,
        "Profit": 5715,
        "Profit before tax": 9768,
        "Present corporate income tax expenses": 1786,
        "Deferred income taxes expenses": "N/A",
        "The interests of minority shareholders": -113,
        "Total Cost of profits": 1673,
        "Profit after tax corporate income": 8095,
        "Volume": 16008338,
        "Close of Quarter": "N/A",
        "EPS": 612,
        "Non-adjusted EPS": 612,
        "PE": "N/A",
        "Book Price": 14.8
      }
    },
    {
      "quarter": "Q2 2013",
      "income status": {
        "Net sales": 149445,
        "Cost of goods sold": 133333,
        "Gross Profit": 16112,
        "Financial expenses": 9411,
        "Of which: Interest expense": 8781,
        "Cost of sales": "N/A",
        "Enterprise cost management": 8280,
        "Total Operating Expenses": 17691,
        "Total revenue financing activities": 4338,
        "Net profit from business activities": 2760,
        "Profit": -16,
        "Profit before tax": 2737,
        "Present corporate income tax expenses": 879,
        "Deferred income taxes expenses": 119,
        "The interests of minority shareholders": 41,
        "Total Cost of profits": 1039,
        "Profit after tax corporate income": 1698,
        "Volume": 16008338,
        "Close of Quarter": "N/A",
        "EPS": 106,
        "Non-adjusted EPS": 106,
        "PE": "N/A",
        "Book Price": "N/A"
      }
    }
  ]
}