{
  "ticker": "C21",
  "data": [
    {
      "quarter": "Q1 2017",
      "income status": {
        "Net sales": 108899,
        "Cost of goods sold": 64786,
        "Gross Profit": 44113,
        "Financial expenses": "N/A",
        "Of which: Interest expense": "N/A",
        "Cost of sales": 3665,
        "Enterprise cost management": 5482,
        "Total Operating Expenses": 9147,
        "Total revenue financing activities": 1732,
        "Net profit from business activities": 36698,
        "Profit": 265,
        "Profit before tax": 36963,
        "Present corporate income tax expenses": 7512,
        "Deferred income taxes expenses": "N/A",
        "The interests of minority shareholders": 689,
        "Total Cost of profits": 8201,
        "Profit after tax corporate income": 28761,
        "Volume": 18336371,
        "Close of Quarter": 17.9,
        "EPS": 3085,
        "Non-adjusted EPS": 3085,
        "PE": 5.8,
        "Book Price": 26.7
      }
    },
    {
      "quarter": "Q4 2016",
      "income status": {
        "Net sales": 58686,
        "Cost of goods sold": 38253,
        "Gross Profit": 20433,
        "Financial expenses": 19,
        "Of which: Interest expense": "N/A",
        "Cost of sales": 2559,
        "Enterprise cost management": 5923,
        "Total Operating Expenses": 8501,
        "Total revenue financing activities": 2340,
        "Net profit from business activities": 13319,
        "Profit": 501,
        "Profit before tax": 13820,
        "Present corporate income tax expenses": 2968,
        "Deferred income taxes expenses": -114,
        "The interests of minority shareholders": -350,
        "Total Cost of profits": 2504,
        "Profit after tax corporate income": 11316,
        "Volume": 18336371,
        "Close of Quarter": 17.1,
        "EPS": 1985,
        "Non-adjusted EPS": 1985,
        "PE": 8.6,
        "Book Price": 25.9
      }
    },
    {
      "quarter": "Q3 2016",
      "income status": {
        "Net sales": 29777,
        "Cost of goods sold": 14047,
        "Gross Profit": 15729,
        "Financial expenses": 11,
        "Of which: Interest expense": "N/A",
        "Cost of sales": 2873,
        "Enterprise cost management": 4748,
        "Total Operating Expenses": 7632,
        "Total revenue financing activities": 2364,
        "Net profit from business activities": 10461,
        "Profit": -281,
        "Profit before tax": 10180,
        "Present corporate income tax expenses": 2093,
        "Deferred income taxes expenses": "N/A",
        "The interests of minority shareholders": 821,
        "Total Cost of profits": 2914,
        "Profit after tax corporate income": 7266,
        "Volume": 18336371,
        "Close of Quarter": 15.5,
        "EPS": 1528,
        "Non-adjusted EPS": 1528,
        "PE": 10.1,
        "Book Price": 25.9
      }
    },
    {
      "quarter": "Q2 2016",
      "income status": {
        "Net sales": 30282,
        "Cost of goods sold": 12366,
        "Gross Profit": 17916,
        "Financial expenses": 72,
        "Of which: Interest expense": "N/A",
        "Cost of sales": 2698,
        "Enterprise cost management": 4321,
        "Total Operating Expenses": 7091,
        "Total revenue financing activities": 2350,
        "Net profit from business activities": 13175,
        "Profit": -99,
        "Profit before tax": 13075,
        "Present corporate income tax expenses": 2711,
        "Deferred income taxes expenses": -2,
        "The interests of minority shareholders": 1137,
        "Total Cost of profits": 3846,
        "Profit after tax corporate income": 9230,
        "Volume": 18336371,
        "Close of Quarter": 15.5,
        "EPS": 3699,
        "Non-adjusted EPS": 3699,
        "PE": 4.2,
        "Book Price": 25.1
      }
    },
    {
      "quarter": "Q1 2016",
      "income status": {
        "Net sales": 28846,
        "Cost of goods sold": 12683,
        "Gross Profit": 16164,
        "Financial expenses": 4,
        "Of which: Interest expense": "N/A",
        "Cost of sales": 2706,
        "Enterprise cost management": 4223,
        "Total Operating Expenses": 6933,
        "Total revenue financing activities": 2819,
        "Net profit from business activities": 12051,
        "Profit": -27,
        "Profit before tax": 12024,
        "Present corporate income tax expenses": 2427,
        "Deferred income taxes expenses": "N/A",
        "The interests of minority shareholders": 1014,
        "Total Cost of profits": 3441,
        "Profit after tax corporate income": 8583,
        "Volume": 18336371,
        "Close of Quarter": 15.3,
        "EPS": 3689,
        "Non-adjusted EPS": 3689,
        "PE": 4.1,
        "Book Price": 25.8
      }
    },
    {
      "quarter": "Q4 2015",
      "income status": {
        "Net sales": 26207,
        "Cost of goods sold": 16131,
        "Gross Profit": 10076,
        "Financial expenses": 788,
        "Of which: Interest expense": "N/A",
        "Cost of sales": 2473,
        "Enterprise cost management": 4382,
        "Total Operating Expenses": 7643,
        "Total revenue financing activities": 2576,
        "Net profit from business activities": 5008,
        "Profit": -9,
        "Profit before tax": 5000,
        "Present corporate income tax expenses": 1475,
        "Deferred income taxes expenses": 7,
        "The interests of minority shareholders": 582,
        "Total Cost of profits": 2064,
        "Profit after tax corporate income": 2935,
        "Volume": 18336371,
        "Close of Quarter": 14.4,
        "EPS": 3535,
        "Non-adjusted EPS": 3535,
        "PE": 4.1,
        "Book Price": 25.5
      }
    },
    {
      "quarter": "Q3 2015",
      "income status": {
        "Net sales": 159460,
        "Cost of goods sold": 88134,
        "Gross Profit": 71326,
        "Financial expenses": "N/A",
        "Of which: Interest expense": "N/A",
        "Cost of sales": 6308,
        "Enterprise cost management": 5248,
        "Total Operating Expenses": 11556,
        "Total revenue financing activities": 2013,
        "Net profit from business activities": 61783,
        "Profit": 27,
        "Profit before tax": 61810,
        "Present corporate income tax expenses": 13615,
        "Deferred income taxes expenses": 62,
        "The interests of minority shareholders": 1062,
        "Total Cost of profits": 14739,
        "Profit after tax corporate income": 47071,
        "Volume": 18336371,
        "Close of Quarter": 14.4,
        "EPS": 3810,
        "Non-adjusted EPS": 3810,
        "PE": 3.8,
        "Book Price": 25.5
      }
    },
    {
      "quarter": "Q2 2015",
      "income status": {
        "Net sales": 29198,
        "Cost of goods sold": 12203,
        "Gross Profit": 16995,
        "Financial expenses": 718,
        "Of which: Interest expense": "N/A",
        "Cost of sales": 2693,
        "Enterprise cost management": 4547,
        "Total Operating Expenses": 7958,
        "Total revenue financing activities": 4023,
        "Net profit from business activities": 13060,
        "Profit": -68,
        "Profit before tax": 12992,
        "Present corporate income tax expenses": 2258,
        "Deferred income taxes expenses": 624,
        "The interests of minority shareholders": 1065,
        "Total Cost of profits": 3947,
        "Profit after tax corporate income": 9046,
        "Volume": 18336371,
        "Close of Quarter": 17.0,
        "EPS": 1918,
        "Non-adjusted EPS": 1918,
        "PE": 8.8,
        "Book Price": 28.8
      }
    },
    {
      "quarter": "Q1 2015",
      "income status": {
        "Net sales": 25147,
        "Cost of goods sold": 11745,
        "Gross Profit": 13401,
        "Financial expenses": "N/A",
        "Of which: Interest expense": "N/A",
        "Cost of sales": 2443,
        "Enterprise cost management": 3930,
        "Total Operating Expenses": 6373,
        "Total revenue financing activities": 1739,
        "Net profit from business activities": 8245,
        "Profit": -2,
        "Profit before tax": 8242,
        "Present corporate income tax expenses": 1312,
        "Deferred income taxes expenses": 571,
        "The interests of minority shareholders": 585,
        "Total Cost of profits": 2468,
        "Profit after tax corporate income": 5775,
        "Volume": 18336371,
        "Close of Quarter": 16.9,
        "EPS": 2210,
        "Non-adjusted EPS": 2210,
        "PE": 7.7,
        "Book Price": 29.1
      }
    },
    {
      "quarter": "Q4 2014",
      "income status": {
        "Net sales": 31559,
        "Cost of goods sold": 13650,
        "Gross Profit": 17909,
        "Financial expenses": 2986,
        "Of which: Interest expense": "N/A",
        "Cost of sales": 1900,
        "Enterprise cost management": 5694,
        "Total Operating Expenses": 10580,
        "Total revenue financing activities": 3752,
        "Net profit from business activities": 11080,
        "Profit": -17,
        "Profit before tax": 11063,
        "Present corporate income tax expenses": 3790,
        "Deferred income taxes expenses": -1086,
        "The interests of minority shareholders": 390,
        "Total Cost of profits": 3094,
        "Profit after tax corporate income": 7969,
        "Volume": 18336371,
        "Close of Quarter": 15.6,
        "EPS": 2343,
        "Non-adjusted EPS": 2343,
        "PE": 6.7,
        "Book Price": 28.9
      }
    },
    {
      "quarter": "Q3 2014",
      "income status": {
        "Net sales": 36135,
        "Cost of goods sold": 14381,
        "Gross Profit": 21754,
        "Financial expenses": "N/A",
        "Of which: Interest expense": "N/A",
        "Cost of sales": 2303,
        "Enterprise cost management": 4524,
        "Total Operating Expenses": 6827,
        "Total revenue financing activities": 2077,
        "Net profit from business activities": 17004,
        "Profit": 128,
        "Profit before tax": 17132,
        "Present corporate income tax expenses": 3883,
        "Deferred income taxes expenses": -45,
        "The interests of minority shareholders": 924,
        "Total Cost of profits": 4762,
        "Profit after tax corporate income": 12371,
        "Volume": 18336371,
        "Close of Quarter": 15.3,
        "EPS": 2563,
        "Non-adjusted EPS": 2563,
        "PE": 6.0,
        "Book Price": 29.3
      }
    },
    {
      "quarter": "Q2 2014",
      "income status": {
        "Net sales": 110563,
        "Cost of goods sold": 66648,
        "Gross Profit": 43915,
        "Financial expenses": 13956,
        "Of which: Interest expense": "N/A",
        "Cost of sales": 1747,
        "Enterprise cost management": 4631,
        "Total Operating Expenses": 20334,
        "Total revenue financing activities": 2009,
        "Net profit from business activities": 19837,
        "Profit": 85,
        "Profit before tax": 19922,
        "Present corporate income tax expenses": 4143,
        "Deferred income taxes expenses": 330,
        "The interests of minority shareholders": 1047,
        "Total Cost of profits": 5520,
        "Profit after tax corporate income": 14402,
        "Volume": 18336371,
        "Close of Quarter": 15.7,
        "EPS": 2218,
        "Non-adjusted EPS": 2218,
        "PE": 7.1,
        "Book Price": 28.6
      }
    },
    {
      "quarter": "Q1 2014",
      "income status": {
        "Net sales": 29697,
        "Cost of goods sold": 11880,
        "Gross Profit": 17817,
        "Financial expenses": "N/A",
        "Of which: Interest expense": "N/A",
        "Cost of sales": 2909,
        "Enterprise cost management": 3976,
        "Total Operating Expenses": 6885,
        "Total revenue financing activities": 1758,
        "Net profit from business activities": 12690,
        "Profit": -135,
        "Profit before tax": 12555,
        "Present corporate income tax expenses": 2803,
        "Deferred income taxes expenses": "N/A",
        "The interests of minority shareholders": 1533,
        "Total Cost of profits": 4336,
        "Profit after tax corporate income": 8219,
        "Volume": 18336371,
        "Close of Quarter": 17.7,
        "EPS": 1981,
        "Non-adjusted EPS": 1981,
        "PE": 8.9,
        "Book Price": 28.8
      }
    },
    {
      "quarter": "Q4 2013",
      "income status": {
        "Net sales": 22135,
        "Cost of goods sold": 11148,
        "Gross Profit": 10987,
        "Financial expenses": 378,
        "Of which: Interest expense": "N/A",
        "Cost of sales": 2646,
        "Enterprise cost management": 4884,
        "Total Operating Expenses": 7908,
        "Total revenue financing activities": 2123,
        "Net profit from business activities": 5202,
        "Profit": 11875,
        "Profit before tax": 17077,
        "Present corporate income tax expenses": 5583,
        "Deferred income taxes expenses": -1426,
        "The interests of minority shareholders": 910,
        "Total Cost of profits": 5067,
        "Profit after tax corporate income": 12011,
        "Volume": 18336371,
        "Close of Quarter": 14.0,
        "EPS": 1751,
        "Non-adjusted EPS": 1751,
        "PE": 8.0,
        "Book Price": 27.8
      }
    },
    {
      "quarter": "Q3 2013",
      "income status": {
        "Net sales": 27884,
        "Cost of goods sold": 12204,
        "Gross Profit": 15680,
        "Financial expenses": 1,
        "Of which: Interest expense": "N/A",
        "Cost of sales": 3119,
        "Enterprise cost management": 4406,
        "Total Operating Expenses": 7526,
        "Total revenue financing activities": 2078,
        "Net profit from business activities": 10232,
        "Profit": -38,
        "Profit before tax": 10194,
        "Present corporate income tax expenses": 2755,
        "Deferred income taxes expenses": "N/A",
        "The interests of minority shareholders": 1403,
        "Total Cost of profits": 4158,
        "Profit after tax corporate income": 6037,
        "Volume": 18336371,
        "Close of Quarter": 11.8,
        "EPS": 2592,
        "Non-adjusted EPS": 2592,
        "PE": 4.5,
        "Book Price": 28
      }
    },
    {
      "quarter": "Q2 2013",
      "income status": {
        "Net sales": 31141,
        "Cost of goods sold": 12336,
        "Gross Profit": 18805,
        "Financial expenses": "N/A",
        "Of which: Interest expense": "N/A",
        "Cost of sales": 3034,
        "Enterprise cost management": 4662,
        "Total Operating Expenses": 7696,
        "Total revenue financing activities": 2423,
        "Net profit from business activities": 13532,
        "Profit": -206,
        "Profit before tax": 13327,
        "Present corporate income tax expenses": 3124,
        "Deferred income taxes expenses": -80,
        "The interests of minority shareholders": 217,
        "Total Cost of profits": 3261,
        "Profit after tax corporate income": 10066,
        "Volume": 18336371,
        "Close of Quarter": 11.0,
        "EPS": 2706,
        "Non-adjusted EPS": 2706,
        "PE": 4.1,
        "Book Price": 27.8
      }
    },
    {
      "quarter": "Q1 2013",
      "income status": {
        "Net sales": 25665,
        "Cost of goods sold": 11021,
        "Gross Profit": 14645,
        "Financial expenses": "N/A",
        "Of which: Interest expense": "N/A",
        "Cost of sales": 2903,
        "Enterprise cost management": 4525,
        "Total Operating Expenses": 7428,
        "Total revenue financing activities": 2302,
        "Net profit from business activities": 9519,
        "Profit": -91,
        "Profit before tax": 9428,
        "Present corporate income tax expenses": 5857,
        "Deferred income taxes expenses": -3099,
        "The interests of minority shareholders": 2671,
        "Total Cost of profits": 5429,
        "Profit after tax corporate income": 3998,
        "Volume": 18336371,
        "Close of Quarter": 11.8,
        "EPS": 2945,
        "Non-adjusted EPS": 2945,
        "PE": 4.0,
        "Book Price": 28.4
      }
    },
    {
      "quarter": "Q4 2012",
      "income status": {
        "Net sales": 20106,
        "Cost of goods sold": 9186,
        "Gross Profit": 10920,
        "Financial expenses": 351,
        "Of which: Interest expense": "N/A",
        "Cost of sales": 2832,
        "Enterprise cost management": 5421,
        "Total Operating Expenses": 8604,
        "Total revenue financing activities": 2525,
        "Net profit from business activities": 4841,
        "Profit": 31272,
        "Profit before tax": 36113,
        "Present corporate income tax expenses": 901,
        "Deferred income taxes expenses": 5713,
        "The interests of minority shareholders": 2063,
        "Total Cost of profits": 8677,
        "Profit after tax corporate income": 27436,
        "Volume": 18336371,
        "Close of Quarter": 9.9,
        "EPS": 3199,
        "Non-adjusted EPS": 3199,
        "PE": 3.1,
        "Book Price": 28.2
      }
    },
    {
      "quarter": "Q3 2012",
      "income status": {
        "Net sales": 30887,
        "Cost of goods sold": 10483,
        "Gross Profit": 20404,
        "Financial expenses": "N/A",
        "Of which: Interest expense": "N/A",
        "Cost of sales": 2898,
        "Enterprise cost management": 5387,
        "Total Operating Expenses": 8285,
        "Total revenue financing activities": 3443,
        "Net profit from business activities": 15562,
        "Profit": 3,
        "Profit before tax": 15565,
        "Present corporate income tax expenses": 3973,
        "Deferred income taxes expenses": 50,
        "The interests of minority shareholders": 3432,
        "Total Cost of profits": 7455,
        "Profit after tax corporate income": 8110,
        "Volume": 18336371,
        "Close of Quarter": 13,
        "EPS": 1930,
        "Non-adjusted EPS": 1930,
        "PE": 6.7,
        "Book Price": 27.9
      }
    },
    {
      "quarter": "Q2 2012",
      "income status": {
        "Net sales": 32152,
        "Cost of goods sold": 9679,
        "Gross Profit": 22473,
        "Financial expenses": 1,
        "Of which: Interest expense": "N/A",
        "Cost of sales": 2530,
        "Enterprise cost management": 5986,
        "Total Operating Expenses": 8517,
        "Total revenue financing activities": 3682,
        "Net profit from business activities": 17638,
        "Profit": 6671,
        "Profit before tax": 24308,
        "Present corporate income tax expenses": 4439,
        "Deferred income taxes expenses": 1665,
        "The interests of minority shareholders": 3747,
        "Total Cost of profits": 9851,
        "Profit after tax corporate income": 14457,
        "Volume": 18336371,
        "Close of Quarter": 11.0,
        "EPS": 2301,
        "Non-adjusted EPS": 2301,
        "PE": 4.8,
        "Book Price": 27.5
      }
    },
    {
      "quarter": "Q1 2012",
      "income status": {
        "Net sales": 31203,
        "Cost of goods sold": 11844,
        "Gross Profit": 19359,
        "Financial expenses": "N/A",
        "Of which: Interest expense": "N/A",
        "Cost of sales": 3541,
        "Enterprise cost management": 4787,
        "Total Operating Expenses": 8328,
        "Total revenue financing activities": 4481,
        "Net profit from business activities": 15512,
        "Profit": 123,
        "Profit before tax": 15635,
        "Present corporate income tax expenses": 3614,
        "Deferred income taxes expenses": "N/A",
        "The interests of minority shareholders": 3360,
        "Total Cost of profits": 6974,
        "Profit after tax corporate income": 8661,
        "Volume": 18336371,
        "Close of Quarter": 11.3,
        "EPS": 3171,
        "Non-adjusted EPS": 3171,
        "PE": 3.6,
        "Book Price": 27.7
      }
    },
    {
      "quarter": "Q4 2011",
      "income status": {
        "Net sales": 22440,
        "Cost of goods sold": 10435,
        "Gross Profit": 12005,
        "Financial expenses": 4,
        "Of which: Interest expense": "N/A",
        "Cost of sales": 4134,
        "Enterprise cost management": 5049,
        "Total Operating Expenses": 9187,
        "Total revenue financing activities": 4703,
        "Net profit from business activities": 7521,
        "Profit": 2418,
        "Profit before tax": 88404,
        "Present corporate income tax expenses": 4312,
        "Deferred income taxes expenses": "N/A",
        "The interests of minority shareholders": 1465,
        "Total Cost of profits": 5777,
        "Profit after tax corporate income": 4161,
        "Volume": 18336371,
        "Close of Quarter": 10.4,
        "EPS": 3156,
        "Non-adjusted EPS": 3156,
        "PE": 3.3,
        "Book Price": 26.7
      }
    },
    {
      "quarter": "Q3 2011",
      "income status": {
        "Net sales": 36616,
        "Cost of goods sold": 11563,
        "Gross Profit": 25053,
        "Financial expenses": 83,
        "Of which: Interest expense": "N/A",
        "Cost of sales": 3413,
        "Enterprise cost management": 4901,
        "Total Operating Expenses": 8397,
        "Total revenue financing activities": 6439,
        "Net profit from business activities": 23095,
        "Profit": -148,
        "Profit before tax": 22947,
        "Present corporate income tax expenses": 5275,
        "Deferred income taxes expenses": "N/A",
        "The interests of minority shareholders": 2763,
        "Total Cost of profits": 8038,
        "Profit after tax corporate income": 14910,
        "Volume": 19336371,
        "Close of Quarter": 10.6,
        "EPS": 3379.8,
        "Non-adjusted EPS": 3205,
        "PE": 3.3,
        "Book Price": 28.1
      }
    },
    {
      "quarter": "Q2 2011",
      "income status": {
        "Net sales": 59955,
        "Cost of goods sold": 17603,
        "Gross Profit": 42352,
        "Financial expenses": 23,
        "Of which: Interest expense": "N/A",
        "Cost of sales": 2703,
        "Enterprise cost management": 4284,
        "Total Operating Expenses": 7010,
        "Total revenue financing activities": 5777,
        "Net profit from business activities": 41117,
        "Profit": -16,
        "Profit before tax": 41101,
        "Present corporate income tax expenses": 9940,
        "Deferred income taxes expenses": "N/A",
        "The interests of minority shareholders": 755,
        "Total Cost of profits": 10695,
        "Profit after tax corporate income": 30406,
        "Volume": 19336371,
        "Close of Quarter": "N/A",
        "EPS": 4143.3,
        "Non-adjusted EPS": 3929,
        "PE": "N/A",
        "Book Price": 28.4
      }
    },
    {
      "quarter": "Q1 2011",
      "income status": {
        "Net sales": 25386,
        "Cost of goods sold": 9157,
        "Gross Profit": 16229,
        "Financial expenses": "N/A",
        "Of which: Interest expense": "N/A",
        "Cost of sales": 2634,
        "Enterprise cost management": 3619,
        "Total Operating Expenses": 6253,
        "Total revenue financing activities": 5620,
        "Net profit from business activities": 15596,
        "Profit": -115,
        "Profit before tax": 15481,
        "Present corporate income tax expenses": 4092,
        "Deferred income taxes expenses": "N/A",
        "The interests of minority shareholders": 2997,
        "Total Cost of profits": 7089,
        "Profit after tax corporate income": 8392,
        "Volume": 19336371,
        "Close of Quarter": "N/A",
        "EPS": 2694.3,
        "Non-adjusted EPS": 2555,
        "PE": "N/A",
        "Book Price": 26.4
      }
    },
    {
      "quarter": "Q3 2010",
      "income status": {
        "Net sales": 29348,
        "Cost of goods sold": 7380,
        "Gross Profit": 21968,
        "Financial expenses": 14,
        "Of which: Interest expense": "N/A",
        "Cost of sales": 4869,
        "Enterprise cost management": 3963,
        "Total Operating Expenses": 8846,
        "Total revenue financing activities": 598,
        "Net profit from business activities": 13720,
        "Profit": -20,
        "Profit before tax": 13700,
        "Present corporate income tax expenses": 3561,
        "Deferred income taxes expenses": "N/A",
        "The interests of minority shareholders": 1880,
        "Total Cost of profits": 5441,
        "Profit after tax corporate income": 8259,
        "Volume": 19336371,
        "Close of Quarter": "N/A",
        "EPS": 2236.7,
        "Non-adjusted EPS": 2121,
        "PE": "N/A",
        "Book Price": "N/A"
      }
    },
    {
      "quarter": "Q2 2010",
      "income status": {
        "Net sales": 41728,
        "Cost of goods sold": 7182,
        "Gross Profit": 34545,
        "Financial expenses": "N/A",
        "Of which: Interest expense": "N/A",
        "Cost of sales": 3173,
        "Enterprise cost management": 3917,
        "Total Operating Expenses": 7090,
        "Total revenue financing activities": 1433,
        "Net profit from business activities": 28887,
        "Profit": 12296,
        "Profit before tax": 41183,
        "Present corporate income tax expenses": 10500,
        "Deferred income taxes expenses": "N/A",
        "The interests of minority shareholders": 1768,
        "Total Cost of profits": 12268,
        "Profit after tax corporate income": 28915,
        "Volume": 19336371,
        "Close of Quarter": "N/A",
        "EPS": 1786.4,
        "Non-adjusted EPS": 1694,
        "PE": "N/A",
        "Book Price": "N/A"
      }
    },
    {
      "quarter": "Q1 2010",
      "income status": {
        "Net sales": 19537,
        "Cost of goods sold": 6437,
        "Gross Profit": 13101,
        "Financial expenses": "N/A",
        "Of which: Interest expense": "N/A",
        "Cost of sales": 2683,
        "Enterprise cost management": 3753,
        "Total Operating Expenses": 6436,
        "Total revenue financing activities": 264,
        "Net profit from business activities": 6928,
        "Profit": 113,
        "Profit before tax": 7041,
        "Present corporate income tax expenses": 2003,
        "Deferred income taxes expenses": "N/A",
        "The interests of minority shareholders": 1192,
        "Total Cost of profits": 3195,
        "Profit after tax corporate income": 3845,
        "Volume": 19336371,
        "Close of Quarter": "N/A",
        "EPS": 209.9,
        "Non-adjusted EPS": 199,
        "PE": "N/A",
        "Book Price": 6.6
      }
    }
  ]
}