{
  "ticker": "VSA",
  "data": [
    {
      "quarter": "Q1 2017",
      "income status": {
        "Net sales": 193232,
        "Cost of goods sold": 171097,
        "Gross Profit": 22135,
        "Financial expenses": 470,
        "Of which: Interest expense": "N/A",
        "Cost of sales": "N/A",
        "Enterprise cost management": 20310,
        "Total Operating Expenses": 20780,
        "Total revenue financing activities": 2347,
        "Net profit from business activities": 3891,
        "Profit": 11,
        "Profit before tax": 3902,
        "Present corporate income tax expenses": 714,
        "Deferred income taxes expenses": -93,
        "The interests of minority shareholders": -139,
        "Total Cost of profits": 482,
        "Profit after tax corporate income": 3420,
        "Volume": 11650000,
        "Close of Quarter": 25,
        "EPS": 3855,
        "Non-adjusted EPS": 3855,
        "PE": 6.5,
        "Book Price": 30.4
      }
    },
    {
      "quarter": "Q4 2016",
      "income status": {
        "Net sales": 282720,
        "Cost of goods sold": 260075,
        "Gross Profit": 22645,
        "Financial expenses": 460,
        "Of which: Interest expense": 460,
        "Cost of sales": "N/A",
        "Enterprise cost management": 26311,
        "Total Operating Expenses": 26771,
        "Total revenue financing activities": 20104,
        "Net profit from business activities": 15806,
        "Profit": -639,
        "Profit before tax": 15167,
        "Present corporate income tax expenses": -90,
        "Deferred income taxes expenses": 53,
        "The interests of minority shareholders": -89,
        "Total Cost of profits": -126,
        "Profit after tax corporate income": 15293,
        "Volume": 11650000,
        "Close of Quarter": 23.2,
        "EPS": 4011,
        "Non-adjusted EPS": 4011,
        "PE": 5.8,
        "Book Price": 30.3
      }
    },
    {
      "quarter": "Q3 2016",
      "income status": {
        "Net sales": 199504,
        "Cost of goods sold": 178426,
        "Gross Profit": 21078,
        "Financial expenses": 167,
        "Of which: Interest expense": "N/A",
        "Cost of sales": "N/A",
        "Enterprise cost management": 29718,
        "Total Operating Expenses": 29885,
        "Total revenue financing activities": 2246,
        "Net profit from business activities": -8426,
        "Profit": 22106,
        "Profit before tax": 13680,
        "Present corporate income tax expenses": 2804,
        "Deferred income taxes expenses": 593,
        "The interests of minority shareholders": -119,
        "Total Cost of profits": 3278,
        "Profit after tax corporate income": 10402,
        "Volume": 11650000,
        "Close of Quarter": 23.8,
        "EPS": 3032,
        "Non-adjusted EPS": 3032,
        "PE": 7.9,
        "Book Price": 29
      }
    },
    {
      "quarter": "Q2 2016",
      "income status": {
        "Net sales": 216797,
        "Cost of goods sold": 189960,
        "Gross Profit": 26837,
        "Financial expenses": 436,
        "Of which: Interest expense": "N/A",
        "Cost of sales": "N/A",
        "Enterprise cost management": 5397,
        "Total Operating Expenses": 5833,
        "Total revenue financing activities": 2189,
        "Net profit from business activities": 20178,
        "Profit": 8,
        "Profit before tax": 20186,
        "Present corporate income tax expenses": 4500,
        "Deferred income taxes expenses": "N/A",
        "The interests of minority shareholders": -105,
        "Total Cost of profits": 4395,
        "Profit after tax corporate income": 15790,
        "Volume": 11650000,
        "Close of Quarter": 24.8,
        "EPS": 2907,
        "Non-adjusted EPS": 2907,
        "PE": 8.5,
        "Book Price": 28.2
      }
    },
    {
      "quarter": "Q1 2016",
      "income status": {
        "Net sales": 164487,
        "Cost of goods sold": 143699,
        "Gross Profit": 20788,
        "Financial expenses": 322,
        "Of which: Interest expense": "N/A",
        "Cost of sales": "N/A",
        "Enterprise cost management": 17704,
        "Total Operating Expenses": 18026,
        "Total revenue financing activities": 2717,
        "Net profit from business activities": 5832,
        "Profit": 315,
        "Profit before tax": 6147,
        "Present corporate income tax expenses": 1037,
        "Deferred income taxes expenses": "N/A",
        "The interests of minority shareholders": -130,
        "Total Cost of profits": 907,
        "Profit after tax corporate income": 5240,
        "Volume": 11650000,
        "Close of Quarter": 24.3,
        "EPS": 4073,
        "Non-adjusted EPS": 4073,
        "PE": 6.0,
        "Book Price": 29.4
      }
    },
    {
      "quarter": "Q4 2015",
      "income status": {
        "Net sales": 246925,
        "Cost of goods sold": 222651,
        "Gross Profit": 24274,
        "Financial expenses": 867,
        "Of which: Interest expense": "N/A",
        "Cost of sales": "N/A",
        "Enterprise cost management": 37819,
        "Total Operating Expenses": 38686,
        "Total revenue financing activities": 18034,
        "Net profit from business activities": 6071,
        "Profit": -4467,
        "Profit before tax": 1603,
        "Present corporate income tax expenses": -2191,
        "Deferred income taxes expenses": "N/A",
        "The interests of minority shareholders": -99,
        "Total Cost of profits": -2290,
        "Profit after tax corporate income": 3894,
        "Volume": 11650000,
        "Close of Quarter": 24.8,
        "EPS": 4195,
        "Non-adjusted EPS": 4195,
        "PE": 5.9,
        "Book Price": 28.3
      }
    },
    {
      "quarter": "Q3 2015",
      "income status": {
        "Net sales": 216686,
        "Cost of goods sold": 193966,
        "Gross Profit": 22720,
        "Financial expenses": 1599,
        "Of which: Interest expense": "N/A",
        "Cost of sales": "N/A",
        "Enterprise cost management": 18751,
        "Total Operating Expenses": 20350,
        "Total revenue financing activities": 5737,
        "Net profit from business activities": 10555,
        "Profit": 213,
        "Profit before tax": 10769,
        "Present corporate income tax expenses": 1934,
        "Deferred income taxes expenses": "N/A",
        "The interests of minority shareholders": -102,
        "Total Cost of profits": 1832,
        "Profit after tax corporate income": 8937,
        "Volume": 11650000,
        "Close of Quarter": "N/A",
        "EPS": 3860,
        "Non-adjusted EPS": 3860,
        "PE": "N/A",
        "Book Price": 27.9
      }
    },
    {
      "quarter": "Q2 2015",
      "income status": {
        "Net sales": 226887,
        "Cost of goods sold": 204819,
        "Gross Profit": 22068,
        "Financial expenses": 986,
        "Of which: Interest expense": "N/A",
        "Cost of sales": "N/A",
        "Enterprise cost management": 7352,
        "Total Operating Expenses": 8338,
        "Total revenue financing activities": 15828,
        "Net profit from business activities": 30943,
        "Profit": 7278,
        "Profit before tax": 38221,
        "Present corporate income tax expenses": 8902,
        "Deferred income taxes expenses": "N/A",
        "The interests of minority shareholders": -61,
        "Total Cost of profits": 8841,
        "Profit after tax corporate income": 29380,
        "Volume": 11650000,
        "Close of Quarter": "N/A",
        "EPS": 3093,
        "Non-adjusted EPS": 3093,
        "PE": "N/A",
        "Book Price": 27.5
      }
    },
    {
      "quarter": "Q1 2015",
      "income status": {
        "Net sales": 180714,
        "Cost of goods sold": 161523,
        "Gross Profit": 19191,
        "Financial expenses": 501,
        "Of which: Interest expense": "N/A",
        "Cost of sales": "N/A",
        "Enterprise cost management": 15884,
        "Total Operating Expenses": 16385,
        "Total revenue financing activities": 1837,
        "Net profit from business activities": 7896,
        "Profit": 29,
        "Profit before tax": 7925,
        "Present corporate income tax expenses": 1384,
        "Deferred income taxes expenses": "N/A",
        "The interests of minority shareholders": -114,
        "Total Cost of profits": 1270,
        "Profit after tax corporate income": 6655,
        "Volume": 11650000,
        "Close of Quarter": "N/A",
        "EPS": 571,
        "Non-adjusted EPS": 571,
        "PE": "N/A",
        "Book Price": "N/A"
      }
    }
  ]
}