{
  "ticker": "CJC",
  "data": [
    {
      "quarter": "Q1 2017",
      "income status": {
        "Net sales": 11617,
        "Cost of goods sold": 11332,
        "Gross Profit": 286,
        "Financial expenses": 1202,
        "Of which: Interest expense": 1201,
        "Cost of sales": -4729,
        "Enterprise cost management": 3867,
        "Total Operating Expenses": 340,
        "Total revenue financing activities": 65,
        "Net profit from business activities": 10,
        "Profit": 37,
        "Profit before tax": 46,
        "Present corporate income tax expenses": 9,
        "Deferred income taxes expenses": "N/A",
        "The interests of minority shareholders": "N/A",
        "Total Cost of profits": 9,
        "Profit after tax corporate income": 37,
        "Volume": 2000000,
        "Close of Quarter": 42,
        "EPS": 2565,
        "Non-adjusted EPS": 2565,
        "PE": 16.4,
        "Book Price": 26.4
      }
    },
    {
      "quarter": "Q4 2016",
      "income status": {
        "Net sales": 115443,
        "Cost of goods sold": 102592,
        "Gross Profit": 12851,
        "Financial expenses": 1646,
        "Of which: Interest expense": 1608,
        "Cost of sales": 1855,
        "Enterprise cost management": 5091,
        "Total Operating Expenses": 8592,
        "Total revenue financing activities": 53,
        "Net profit from business activities": 4311,
        "Profit": 86,
        "Profit before tax": 4397,
        "Present corporate income tax expenses": 879,
        "Deferred income taxes expenses": "N/A",
        "The interests of minority shareholders": "N/A",
        "Total Cost of profits": 879,
        "Profit after tax corporate income": 3518,
        "Volume": 2000000,
        "Close of Quarter": 42,
        "EPS": 2565,
        "Non-adjusted EPS": 2565,
        "PE": 16.4,
        "Book Price": 26.4
      }
    },
    {
      "quarter": "Q3 2016",
      "income status": {
        "Net sales": 49122,
        "Cost of goods sold": 42282,
        "Gross Profit": 6840,
        "Financial expenses": 1683,
        "Of which: Interest expense": 1683,
        "Cost of sales": 5,
        "Enterprise cost management": 3956,
        "Total Operating Expenses": 5644,
        "Total revenue financing activities": 32,
        "Net profit from business activities": 1228,
        "Profit": 6,
        "Profit before tax": 1234,
        "Present corporate income tax expenses": 247,
        "Deferred income taxes expenses": "N/A",
        "The interests of minority shareholders": "N/A",
        "Total Cost of profits": 247,
        "Profit after tax corporate income": 987,
        "Volume": 2000000,
        "Close of Quarter": 42,
        "EPS": 2879,
        "Non-adjusted EPS": 2879,
        "PE": 14.6,
        "Book Price": 24.7
      }
    },
    {
      "quarter": "Q2 2016",
      "income status": {
        "Net sales": 88777,
        "Cost of goods sold": 75281,
        "Gross Profit": 13496,
        "Financial expenses": 1911,
        "Of which: Interest expense": 1854,
        "Cost of sales": 6874,
        "Enterprise cost management": 3788,
        "Total Operating Expenses": 12573,
        "Total revenue financing activities": 48,
        "Net profit from business activities": 971,
        "Profit": 11,
        "Profit before tax": 982,
        "Present corporate income tax expenses": 394,
        "Deferred income taxes expenses": "N/A",
        "The interests of minority shareholders": "N/A",
        "Total Cost of profits": 394,
        "Profit after tax corporate income": 588,
        "Volume": 2000000,
        "Close of Quarter": 42,
        "EPS": 2679,
        "Non-adjusted EPS": 2679,
        "PE": 15.7,
        "Book Price": 24.2
      }
    },
    {
      "quarter": "Q1 2016",
      "income status": {
        "Net sales": 17737,
        "Cost of goods sold": 16370,
        "Gross Profit": 1368,
        "Financial expenses": 1391,
        "Of which: Interest expense": 1384,
        "Cost of sales": -3697,
        "Enterprise cost management": 3517,
        "Total Operating Expenses": 1211,
        "Total revenue financing activities": 17,
        "Net profit from business activities": 174,
        "Profit": -130,
        "Profit before tax": 44,
        "Present corporate income tax expenses": 9,
        "Deferred income taxes expenses": "N/A",
        "The interests of minority shareholders": "N/A",
        "Total Cost of profits": 9,
        "Profit after tax corporate income": 36,
        "Volume": 2000000,
        "Close of Quarter": 31.8,
        "EPS": 2559,
        "Non-adjusted EPS": 2559,
        "PE": 12.4,
        "Book Price": 26.4
      }
    },
    {
      "quarter": "Q4 2015",
      "income status": {
        "Net sales": 103713,
        "Cost of goods sold": 85905,
        "Gross Profit": 17808,
        "Financial expenses": 2421,
        "Of which: Interest expense": 2420,
        "Cost of sales": 2144,
        "Enterprise cost management": 8443,
        "Total Operating Expenses": 13008,
        "Total revenue financing activities": 370,
        "Net profit from business activities": 5171,
        "Profit": 85,
        "Profit before tax": 5255,
        "Present corporate income tax expenses": 1109,
        "Deferred income taxes expenses": "N/A",
        "The interests of minority shareholders": "N/A",
        "Total Cost of profits": 1109,
        "Profit after tax corporate income": 4146,
        "Volume": 2000000,
        "Close of Quarter": 41.5,
        "EPS": 2550,
        "Non-adjusted EPS": 2550,
        "PE": 16.3,
        "Book Price": 26.4
      }
    },
    {
      "quarter": "Q3 2015",
      "income status": {
        "Net sales": 122136,
        "Cost of goods sold": 117315,
        "Gross Profit": 4821,
        "Financial expenses": 2712,
        "Of which: Interest expense": 2711,
        "Cost of sales": -2512,
        "Enterprise cost management": 4172,
        "Total Operating Expenses": 4372,
        "Total revenue financing activities": 305,
        "Net profit from business activities": 754,
        "Profit": -1,
        "Profit before tax": 754,
        "Present corporate income tax expenses": 166,
        "Deferred income taxes expenses": "N/A",
        "The interests of minority shareholders": "N/A",
        "Total Cost of profits": 166,
        "Profit after tax corporate income": 588,
        "Volume": 2000000,
        "Close of Quarter": 34.7,
        "EPS": 1937,
        "Non-adjusted EPS": 1937,
        "PE": 17.9,
        "Book Price": 24.3
      }
    },
    {
      "quarter": "Q2 2015",
      "income status": {
        "Net sales": 105005,
        "Cost of goods sold": 98749,
        "Gross Profit": 6256,
        "Financial expenses": 3760,
        "Of which: Interest expense": 3718,
        "Cost of sales": -2915,
        "Enterprise cost management": 5124,
        "Total Operating Expenses": 5969,
        "Total revenue financing activities": 206,
        "Net profit from business activities": 493,
        "Profit": -44,
        "Profit before tax": 449,
        "Present corporate income tax expenses": 101,
        "Deferred income taxes expenses": "N/A",
        "The interests of minority shareholders": "N/A",
        "Total Cost of profits": 101,
        "Profit after tax corporate income": 348,
        "Volume": 2000000,
        "Close of Quarter": 18.4,
        "EPS": 1895,
        "Non-adjusted EPS": 1895,
        "PE": 9.7,
        "Book Price": 25.6
      }
    },
    {
      "quarter": "Q1 2015",
      "income status": {
        "Net sales": 28850,
        "Cost of goods sold": 25937,
        "Gross Profit": 2913,
        "Financial expenses": 2954,
        "Of which: Interest expense": 2949,
        "Cost of sales": -4304,
        "Enterprise cost management": 4234,
        "Total Operating Expenses": 2884,
        "Total revenue financing activities": 6,
        "Net profit from business activities": 36,
        "Profit": 12,
        "Profit before tax": 48,
        "Present corporate income tax expenses": 30,
        "Deferred income taxes expenses": "N/A",
        "The interests of minority shareholders": "N/A",
        "Total Cost of profits": 30,
        "Profit after tax corporate income": 18,
        "Volume": 2000000,
        "Close of Quarter": 22.2,
        "EPS": 1948,
        "Non-adjusted EPS": 1948,
        "PE": 11.4,
        "Book Price": 25.8
      }
    },
    {
      "quarter": "Q4 2014",
      "income status": {
        "Net sales": 145554,
        "Cost of goods sold": 140331,
        "Gross Profit": 5223,
        "Financial expenses": 3292,
        "Of which: Interest expense": 3158,
        "Cost of sales": -7258,
        "Enterprise cost management": 6267,
        "Total Operating Expenses": 2301,
        "Total revenue financing activities": 232,
        "Net profit from business activities": 3154,
        "Profit": 609,
        "Profit before tax": 3763,
        "Present corporate income tax expenses": 844,
        "Deferred income taxes expenses": "N/A",
        "The interests of minority shareholders": "N/A",
        "Total Cost of profits": 844,
        "Profit after tax corporate income": 2919,
        "Volume": 2000000,
        "Close of Quarter": 22.0,
        "EPS": 1959,
        "Non-adjusted EPS": 1959,
        "PE": 11.2,
        "Book Price": 25.8
      }
    },
    {
      "quarter": "Q3 2014",
      "income status": {
        "Net sales": 75311,
        "Cost of goods sold": 68677,
        "Gross Profit": 6633,
        "Financial expenses": 2496,
        "Of which: Interest expense": 2446,
        "Cost of sales": -1449,
        "Enterprise cost management": 5092,
        "Total Operating Expenses": 6139,
        "Total revenue financing activities": 6,
        "Net profit from business activities": 500,
        "Profit": 147,
        "Profit before tax": 646,
        "Present corporate income tax expenses": 142,
        "Deferred income taxes expenses": "N/A",
        "The interests of minority shareholders": "N/A",
        "Total Cost of profits": 142,
        "Profit after tax corporate income": 504,
        "Volume": 2000000,
        "Close of Quarter": 21.5,
        "EPS": 5232,
        "Non-adjusted EPS": 5232,
        "PE": 4.1,
        "Book Price": 24.4
      }
    },
    {
      "quarter": "Q2 2014",
      "income status": {
        "Net sales": 77875,
        "Cost of goods sold": 69906,
        "Gross Profit": 7969,
        "Financial expenses": 2832,
        "Of which: Interest expense": 2828,
        "Cost of sales": 474,
        "Enterprise cost management": 4546,
        "Total Operating Expenses": 7852,
        "Total revenue financing activities": 342,
        "Net profit from business activities": 458,
        "Profit": 88,
        "Profit before tax": 546,
        "Present corporate income tax expenses": 92,
        "Deferred income taxes expenses": "N/A",
        "The interests of minority shareholders": "N/A",
        "Total Cost of profits": 92,
        "Profit after tax corporate income": 454,
        "Volume": 2000000,
        "Close of Quarter": 25.6,
        "EPS": 5850,
        "Non-adjusted EPS": 5850,
        "PE": 4.4,
        "Book Price": 27.1
      }
    },
    {
      "quarter": "Q1 2014",
      "income status": {
        "Net sales": 19339,
        "Cost of goods sold": 13733,
        "Gross Profit": 5606,
        "Financial expenses": 1718,
        "Of which: Interest expense": 1717,
        "Cost of sales": -805,
        "Enterprise cost management": 4822,
        "Total Operating Expenses": 5735,
        "Total revenue financing activities": 17,
        "Net profit from business activities": -113,
        "Profit": 164,
        "Profit before tax": 51,
        "Present corporate income tax expenses": 11,
        "Deferred income taxes expenses": "N/A",
        "The interests of minority shareholders": "N/A",
        "Total Cost of profits": 11,
        "Profit after tax corporate income": 40,
        "Volume": 2000000,
        "Close of Quarter": 18.5,
        "EPS": 5786,
        "Non-adjusted EPS": 5786,
        "PE": 3.2,
        "Book Price": 29.1
      }
    },
    {
      "quarter": "Q4 2013",
      "income status": {
        "Net sales": 216075,
        "Cost of goods sold": 188936,
        "Gross Profit": 27139,
        "Financial expenses": 2869,
        "Of which: Interest expense": 2564,
        "Cost of sales": 3922,
        "Enterprise cost management": 8242,
        "Total Operating Expenses": 15033,
        "Total revenue financing activities": 7,
        "Net profit from business activities": 12114,
        "Profit": 508,
        "Profit before tax": 12622,
        "Present corporate income tax expenses": 3155,
        "Deferred income taxes expenses": "N/A",
        "The interests of minority shareholders": "N/A",
        "Total Cost of profits": 3155,
        "Profit after tax corporate income": 9466,
        "Volume": 2000000,
        "Close of Quarter": 13.9,
        "EPS": 5866,
        "Non-adjusted EPS": 5866,
        "PE": 2.4,
        "Book Price": 29.1
      }
    },
    {
      "quarter": "Q3 2013",
      "income status": {
        "Net sales": 42216,
        "Cost of goods sold": 35801,
        "Gross Profit": 6415,
        "Financial expenses": 1840,
        "Of which: Interest expense": 1835,
        "Cost of sales": 23,
        "Enterprise cost management": 4816,
        "Total Operating Expenses": 6679,
        "Total revenue financing activities": 15,
        "Net profit from business activities": -249,
        "Profit": 2568,
        "Profit before tax": 2319,
        "Present corporate income tax expenses": 580,
        "Deferred income taxes expenses": "N/A",
        "The interests of minority shareholders": "N/A",
        "Total Cost of profits": 580,
        "Profit after tax corporate income": 1739,
        "Volume": 2000000,
        "Close of Quarter": 15.2,
        "EPS": 5927,
        "Non-adjusted EPS": 5927,
        "PE": 2.6,
        "Book Price": 24.3
      }
    },
    {
      "quarter": "Q2 2013",
      "income status": {
        "Net sales": 47181,
        "Cost of goods sold": 39193,
        "Gross Profit": 7988,
        "Financial expenses": 2349,
        "Of which: Interest expense": 2321,
        "Cost of sales": -6371,
        "Enterprise cost management": 5755,
        "Total Operating Expenses": 1733,
        "Total revenue financing activities": 221,
        "Net profit from business activities": 431,
        "Profit": -56,
        "Profit before tax": 375,
        "Present corporate income tax expenses": 48,
        "Deferred income taxes expenses": "N/A",
        "The interests of minority shareholders": "N/A",
        "Total Cost of profits": 48,
        "Profit after tax corporate income": 327,
        "Volume": 2000000,
        "Close of Quarter": 17.2,
        "EPS": 5822,
        "Non-adjusted EPS": 5822,
        "PE": 3.0,
        "Book Price": 23.5
      }
    },
    {
      "quarter": "Q1 2013",
      "income status": {
        "Net sales": 31519,
        "Cost of goods sold": 28359,
        "Gross Profit": 3160,
        "Financial expenses": 1887,
        "Of which: Interest expense": 1887,
        "Cost of sales": 3022,
        "Enterprise cost management": 4163,
        "Total Operating Expenses": 9072,
        "Total revenue financing activities": 26,
        "Net profit from business activities": 158,
        "Profit": 107,
        "Profit before tax": 265,
        "Present corporate income tax expenses": 66,
        "Deferred income taxes expenses": "N/A",
        "The interests of minority shareholders": "N/A",
        "Total Cost of profits": 66,
        "Profit after tax corporate income": 199,
        "Volume": 2000000,
        "Close of Quarter": 18.0,
        "EPS": 6027,
        "Non-adjusted EPS": 6027,
        "PE": 3.0,
        "Book Price": 27.2
      }
    },
    {
      "quarter": "Q4 2012",
      "income status": {
        "Net sales": 114458,
        "Cost of goods sold": 101060,
        "Gross Profit": 13397,
        "Financial expenses": 2065,
        "Of which: Interest expense": 2065,
        "Cost of sales": -5684,
        "Enterprise cost management": 5944,
        "Total Operating Expenses": 2325,
        "Total revenue financing activities": 17,
        "Net profit from business activities": 11089,
        "Profit": 750,
        "Profit before tax": 11839,
        "Present corporate income tax expenses": 2252,
        "Deferred income taxes expenses": "N/A",
        "The interests of minority shareholders": "N/A",
        "Total Cost of profits": 2252,
        "Profit after tax corporate income": 9588,
        "Volume": 2000000,
        "Close of Quarter": 10.8,
        "EPS": 6317,
        "Non-adjusted EPS": 6317,
        "PE": 1.7,
        "Book Price": 27.1
      }
    },
    {
      "quarter": "Q3 2012",
      "income status": {
        "Net sales": 104577,
        "Cost of goods sold": 97516,
        "Gross Profit": 7060,
        "Financial expenses": 2696,
        "Of which: Interest expense": 2696,
        "Cost of sales": -974,
        "Enterprise cost management": 3802,
        "Total Operating Expenses": 5524,
        "Total revenue financing activities": 58,
        "Net profit from business activities": 1594,
        "Profit": 295,
        "Profit before tax": 1889,
        "Present corporate income tax expenses": 359,
        "Deferred income taxes expenses": "N/A",
        "The interests of minority shareholders": "N/A",
        "Total Cost of profits": 359,
        "Profit after tax corporate income": 1530,
        "Volume": 2000000,
        "Close of Quarter": 10.4,
        "EPS": 5225,
        "Non-adjusted EPS": 5225,
        "PE": 2.0,
        "Book Price": 24.8
      }
    },
    {
      "quarter": "Q2 2012",
      "income status": {
        "Net sales": 59516,
        "Cost of goods sold": 53801,
        "Gross Profit": 5715,
        "Financial expenses": 4488,
        "Of which: Interest expense": 4092,
        "Cost of sales": -6314,
        "Enterprise cost management": 5848,
        "Total Operating Expenses": 4022,
        "Total revenue financing activities": 367,
        "Net profit from business activities": 2060,
        "Profit": -1296,
        "Profit before tax": 764,
        "Present corporate income tax expenses": 28,
        "Deferred income taxes expenses": "N/A",
        "The interests of minority shareholders": "N/A",
        "Total Cost of profits": 28,
        "Profit after tax corporate income": 736,
        "Volume": 2000000,
        "Close of Quarter": 15.1,
        "EPS": 5346,
        "Non-adjusted EPS": 5346,
        "PE": 2.8,
        "Book Price": 21.6
      }
    },
    {
      "quarter": "Q1 2012",
      "income status": {
        "Net sales": 58753,
        "Cost of goods sold": 51268,
        "Gross Profit": 7485,
        "Financial expenses": 2769,
        "Of which: Interest expense": 2769,
        "Cost of sales": 62,
        "Enterprise cost management": 3950,
        "Total Operating Expenses": 6781,
        "Total revenue financing activities": 166,
        "Net profit from business activities": 870,
        "Profit": 169,
        "Profit before tax": 1039,
        "Present corporate income tax expenses": 260,
        "Deferred income taxes expenses": "N/A",
        "The interests of minority shareholders": "N/A",
        "Total Cost of profits": 260,
        "Profit after tax corporate income": 779,
        "Volume": 2000000,
        "Close of Quarter": 11.5,
        "EPS": 6539,
        "Non-adjusted EPS": 6539,
        "PE": 1.8,
        "Book Price": 25.2
      }
    },
    {
      "quarter": "Q4 2011",
      "income status": {
        "Net sales": 103200,
        "Cost of goods sold": 89892,
        "Gross Profit": 13309,
        "Financial expenses": 2146,
        "Of which: Interest expense": 2146,
        "Cost of sales": 207,
        "Enterprise cost management": 2326,
        "Total Operating Expenses": 4679,
        "Total revenue financing activities": 89,
        "Net profit from business activities": 8719,
        "Profit": -28,
        "Profit before tax": 8692,
        "Present corporate income tax expenses": 1286,
        "Deferred income taxes expenses": "N/A",
        "The interests of minority shareholders": "N/A",
        "Total Cost of profits": 1286,
        "Profit after tax corporate income": 7405,
        "Volume": 2000000,
        "Close of Quarter": 9.5,
        "EPS": 6534,
        "Non-adjusted EPS": 6534,
        "PE": 1.5,
        "Book Price": 24.8
      }
    },
    {
      "quarter": "Q3 2011",
      "income status": {
        "Net sales": 107386,
        "Cost of goods sold": 93084,
        "Gross Profit": 14303,
        "Financial expenses": 2616,
        "Of which: Interest expense": 2616,
        "Cost of sales": 5125,
        "Enterprise cost management": 4654,
        "Total Operating Expenses": 12395,
        "Total revenue financing activities": 122,
        "Net profit from business activities": 2029,
        "Profit": 334,
        "Profit before tax": 2363,
        "Present corporate income tax expenses": 591,
        "Deferred income taxes expenses": "N/A",
        "The interests of minority shareholders": "N/A",
        "Total Cost of profits": 591,
        "Profit after tax corporate income": 1772,
        "Volume": 2000000,
        "Close of Quarter": 12.0,
        "EPS": 4786,
        "Non-adjusted EPS": 4786,
        "PE": 2.5,
        "Book Price": 21.1
      }
    },
    {
      "quarter": "Q2 2011",
      "income status": {
        "Net sales": 115787,
        "Cost of goods sold": 98779,
        "Gross Profit": 17009,
        "Financial expenses": 6276,
        "Of which: Interest expense": 6226,
        "Cost of sales": 360,
        "Enterprise cost management": 8441,
        "Total Operating Expenses": 15077,
        "Total revenue financing activities": 1590,
        "Net profit from business activities": 3521,
        "Profit": 529,
        "Profit before tax": 4050,
        "Present corporate income tax expenses": 928,
        "Deferred income taxes expenses": "N/A",
        "The interests of minority shareholders": "N/A",
        "Total Cost of profits": 928,
        "Profit after tax corporate income": 3122,
        "Volume": 2000000,
        "Close of Quarter": 9.8,
        "EPS": 6710,
        "Non-adjusted EPS": 6710,
        "PE": 1.5,
        "Book Price": 22.9
      }
    },
    {
      "quarter": "Q1 2011",
      "income status": {
        "Net sales": 23031,
        "Cost of goods sold": 16667,
        "Gross Profit": 6364,
        "Financial expenses": 2495,
        "Of which: Interest expense": 2495,
        "Cost of sales": -112,
        "Enterprise cost management": 3443,
        "Total Operating Expenses": 5826,
        "Total revenue financing activities": 399,
        "Net profit from business activities": 937,
        "Profit": 89,
        "Profit before tax": 1026,
        "Present corporate income tax expenses": 256,
        "Deferred income taxes expenses": "N/A",
        "The interests of minority shareholders": "N/A",
        "Total Cost of profits": 256,
        "Profit after tax corporate income": 769,
        "Volume": 2000000,
        "Close of Quarter": 10.5,
        "EPS": 6379,
        "Non-adjusted EPS": 6379,
        "PE": 1.7,
        "Book Price": 23.1
      }
    },
    {
      "quarter": "Q4 2010",
      "income status": {
        "Net sales": 181559,
        "Cost of goods sold": 155631,
        "Gross Profit": 25929,
        "Financial expenses": 3099,
        "Of which: Interest expense": 3099,
        "Cost of sales": 262,
        "Enterprise cost management": 18939,
        "Total Operating Expenses": 22300,
        "Total revenue financing activities": 805,
        "Net profit from business activities": 4433,
        "Profit": 7,
        "Profit before tax": 4439,
        "Present corporate income tax expenses": 531,
        "Deferred income taxes expenses": "N/A",
        "The interests of minority shareholders": "N/A",
        "Total Cost of profits": 531,
        "Profit after tax corporate income": 3908,
        "Volume": 2000000,
        "Close of Quarter": 12.0,
        "EPS": 6436,
        "Non-adjusted EPS": 6436,
        "PE": 1.9,
        "Book Price": 22.6
      }
    },
    {
      "quarter": "Q3 2010",
      "income status": {
        "Net sales": 131971,
        "Cost of goods sold": 109207,
        "Gross Profit": 22763,
        "Financial expenses": 2738,
        "Of which: Interest expense": 2738,
        "Cost of sales": 292,
        "Enterprise cost management": 14307,
        "Total Operating Expenses": 17337,
        "Total revenue financing activities": 486,
        "Net profit from business activities": 5913,
        "Profit": 592,
        "Profit before tax": 6505,
        "Present corporate income tax expenses": 884,
        "Deferred income taxes expenses": "N/A",
        "The interests of minority shareholders": "N/A",
        "Total Cost of profits": 884,
        "Profit after tax corporate income": 5621,
        "Volume": 2000000,
        "Close of Quarter": 14.7,
        "EPS": 7065,
        "Non-adjusted EPS": 7065,
        "PE": 2.1,
        "Book Price": 20.7
      }
    },
    {
      "quarter": "Q2 2010",
      "income status": {
        "Net sales": 67596,
        "Cost of goods sold": 59957,
        "Gross Profit": 7639,
        "Financial expenses": 2337,
        "Of which: Interest expense": 2337,
        "Cost of sales": 275,
        "Enterprise cost management": 3339,
        "Total Operating Expenses": 5951,
        "Total revenue financing activities": 971,
        "Net profit from business activities": 2658,
        "Profit": 137,
        "Profit before tax": 2795,
        "Present corporate income tax expenses": 335,
        "Deferred income taxes expenses": "N/A",
        "The interests of minority shareholders": "N/A",
        "Total Cost of profits": 335,
        "Profit after tax corporate income": 2460,
        "Volume": 2000000,
        "Close of Quarter": 14.7,
        "EPS": 5660,
        "Non-adjusted EPS": 5660,
        "PE": 2.6,
        "Book Price": 17.9
      }
    },
    {
      "quarter": "Q1 2010",
      "income status": {
        "Net sales": 11747,
        "Cost of goods sold": 8172,
        "Gross Profit": 3575,
        "Financial expenses": 1502,
        "Of which: Interest expense": 1502,
        "Cost of sales": 83,
        "Enterprise cost management": 1171,
        "Total Operating Expenses": 2756,
        "Total revenue financing activities": 74,
        "Net profit from business activities": 892,
        "Profit": 116,
        "Profit before tax": 1008,
        "Present corporate income tax expenses": 126,
        "Deferred income taxes expenses": "N/A",
        "The interests of minority shareholders": "N/A",
        "Total Cost of profits": 126,
        "Profit after tax corporate income": 882,
        "Volume": 2000000,
        "Close of Quarter": 14.1,
        "EPS": 5912,
        "Non-adjusted EPS": 5912,
        "PE": 2.4,
        "Book Price": 21
      }
    },
    {
      "quarter": "Q4 2009",
      "income status": {
        "Net sales": 174913,
        "Cost of goods sold": 157709,
        "Gross Profit": 17204,
        "Financial expenses": 1430,
        "Of which: Interest expense": "N/A",
        "Cost of sales": 3915,
        "Enterprise cost management": 6586,
        "Total Operating Expenses": 11931,
        "Total revenue financing activities": 70,
        "Net profit from business activities": 5343,
        "Profit": -177,
        "Profit before tax": 5166,
        "Present corporate income tax expenses": "N/A",
        "Deferred income taxes expenses": "N/A",
        "The interests of minority shareholders": "N/A",
        "Total Cost of profits": 0,
        "Profit after tax corporate income": 5166,
        "Volume": 2000000,
        "Close of Quarter": 14.3,
        "EPS": 6726,
        "Non-adjusted EPS": 6726,
        "PE": 2.1,
        "Book Price": 21.2
      }
    },
    {
      "quarter": "Q3 2009",
      "income status": {
        "Net sales": 84386,
        "Cost of goods sold": 77197,
        "Gross Profit": 7188,
        "Financial expenses": 884,
        "Of which: Interest expense": "N/A",
        "Cost of sales": 137,
        "Enterprise cost management": 3766,
        "Total Operating Expenses": 4787,
        "Total revenue financing activities": 47,
        "Net profit from business activities": 2449,
        "Profit": 362,
        "Profit before tax": 2811,
        "Present corporate income tax expenses": "N/A",
        "Deferred income taxes expenses": "N/A",
        "The interests of minority shareholders": "N/A",
        "Total Cost of profits": 0,
        "Profit after tax corporate income": 2811,
        "Volume": 2000000,
        "Close of Quarter": 14.0,
        "EPS": 6302,
        "Non-adjusted EPS": 6302,
        "PE": 2.2,
        "Book Price": 19.1
      }
    },
    {
      "quarter": "Q2 2009",
      "income status": {
        "Net sales": 40797,
        "Cost of goods sold": 35511,
        "Gross Profit": 5286,
        "Financial expenses": 823,
        "Of which: Interest expense": "N/A",
        "Cost of sales": 44,
        "Enterprise cost management": 2115,
        "Total Operating Expenses": 2982,
        "Total revenue financing activities": 281,
        "Net profit from business activities": 2585,
        "Profit": 380,
        "Profit before tax": 2965,
        "Present corporate income tax expenses": "N/A",
        "Deferred income taxes expenses": "N/A",
        "The interests of minority shareholders": "N/A",
        "Total Cost of profits": 0,
        "Profit after tax corporate income": 2965,
        "Volume": 2000000,
        "Close of Quarter": 11.6,
        "EPS": 5945,
        "Non-adjusted EPS": 5945,
        "PE": 2.0,
        "Book Price": 18.1
      }
    },
    {
      "quarter": "Q1 2009",
      "income status": {
        "Net sales": 26170,
        "Cost of goods sold": 21283,
        "Gross Profit": 4887,
        "Financial expenses": 1325,
        "Of which: Interest expense": "N/A",
        "Cost of sales": 71,
        "Enterprise cost management": 1245,
        "Total Operating Expenses": 2641,
        "Total revenue financing activities": 38,
        "Net profit from business activities": 2284,
        "Profit": 226,
        "Profit before tax": 2510,
        "Present corporate income tax expenses": "N/A",
        "Deferred income taxes expenses": "N/A",
        "The interests of minority shareholders": "N/A",
        "Total Cost of profits": 0,
        "Profit after tax corporate income": 2510,
        "Volume": 2000000,
        "Close of Quarter": 9.3,
        "EPS": 5897,
        "Non-adjusted EPS": 5897,
        "PE": 1.6,
        "Book Price": 17.7
      }
    },
    {
      "quarter": "Q4 2008",
      "income status": {
        "Net sales": 172390,
        "Cost of goods sold": 158989,
        "Gross Profit": 13401,
        "Financial expenses": 2453,
        "Of which: Interest expense": "N/A",
        "Cost of sales": 346,
        "Enterprise cost management": 6623,
        "Total Operating Expenses": 9422,
        "Total revenue financing activities": 296,
        "Net profit from business activities": 4275,
        "Profit": 42,
        "Profit before tax": 4317,
        "Present corporate income tax expenses": "N/A",
        "Deferred income taxes expenses": "N/A",
        "The interests of minority shareholders": "N/A",
        "Total Cost of profits": 0,
        "Profit after tax corporate income": 4317,
        "Volume": 2000000,
        "Close of Quarter": 9.5,
        "EPS": 5179,
        "Non-adjusted EPS": 5179,
        "PE": 1.8,
        "Book Price": 16.8
      }
    },
    {
      "quarter": "Q3 2008",
      "income status": {
        "Net sales": 30450,
        "Cost of goods sold": 26995,
        "Gross Profit": 3455,
        "Financial expenses": 683,
        "Of which: Interest expense": "N/A",
        "Cost of sales": 53,
        "Enterprise cost management": 1142,
        "Total Operating Expenses": 1878,
        "Total revenue financing activities": 45,
        "Net profit from business activities": 1623,
        "Profit": 475,
        "Profit before tax": 2097,
        "Present corporate income tax expenses": "N/A",
        "Deferred income taxes expenses": "N/A",
        "The interests of minority shareholders": "N/A",
        "Total Cost of profits": 0,
        "Profit after tax corporate income": 2097,
        "Volume": 2000000,
        "Close of Quarter": 9.7,
        "EPS": 4607,
        "Non-adjusted EPS": 4607,
        "PE": 2.1,
        "Book Price": 16.6
      }
    },
    {
      "quarter": "Q2 2008",
      "income status": {
        "Net sales": 44096,
        "Cost of goods sold": 39870,
        "Gross Profit": 4226,
        "Financial expenses": 1,
        "Of which: Interest expense": 1,
        "Cost of sales": 137,
        "Enterprise cost management": 2089,
        "Total Operating Expenses": 2227,
        "Total revenue financing activities": 90,
        "Net profit from business activities": 2088,
        "Profit": 781,
        "Profit before tax": 2870,
        "Present corporate income tax expenses": "N/A",
        "Deferred income taxes expenses": "N/A",
        "The interests of minority shareholders": "N/A",
        "Total Cost of profits": 0,
        "Profit after tax corporate income": 2870,
        "Volume": 2000000,
        "Close of Quarter": 8.4,
        "EPS": 4454,
        "Non-adjusted EPS": 4454,
        "PE": 1.9,
        "Book Price": 15.7
      }
    },
    {
      "quarter": "Q1 2008",
      "income status": {
        "Net sales": 7341,
        "Cost of goods sold": 6223,
        "Gross Profit": 1118,
        "Financial expenses": 1,
        "Of which: Interest expense": 1,
        "Cost of sales": 18,
        "Enterprise cost management": 301,
        "Total Operating Expenses": 320,
        "Total revenue financing activities": 256,
        "Net profit from business activities": 1053,
        "Profit": 20,
        "Profit before tax": 1074,
        "Present corporate income tax expenses": "N/A",
        "Deferred income taxes expenses": "N/A",
        "The interests of minority shareholders": "N/A",
        "Total Cost of profits": 0,
        "Profit after tax corporate income": 1074,
        "Volume": 2000000,
        "Close of Quarter": 15.0,
        "EPS": 3909,
        "Non-adjusted EPS": 3909,
        "PE": 3.8,
        "Book Price": 16.1
      }
    },
    {
      "quarter": "Q4 2007",
      "income status": {
        "Net sales": 103499,
        "Cost of goods sold": 97886,
        "Gross Profit": 5613,
        "Financial expenses": 37,
        "Of which: Interest expense": 35,
        "Cost of sales": 248,
        "Enterprise cost management": 2513,
        "Total Operating Expenses": 2798,
        "Total revenue financing activities": 116,
        "Net profit from business activities": 2931,
        "Profit": 242,
        "Profit before tax": 3173,
        "Present corporate income tax expenses": "N/A",
        "Deferred income taxes expenses": "N/A",
        "The interests of minority shareholders": "N/A",
        "Total Cost of profits": 0,
        "Profit after tax corporate income": 3173,
        "Volume": 2000000,
        "Close of Quarter": 19.1,
        "EPS": 4236,
        "Non-adjusted EPS": 4236,
        "PE": 4.5,
        "Book Price": 15.6
      }
    },
    {
      "quarter": "Q3 2007",
      "income status": {
        "Net sales": 44556,
        "Cost of goods sold": 37191,
        "Gross Profit": 7365,
        "Financial expenses": 402,
        "Of which: Interest expense": "N/A",
        "Cost of sales": 3195,
        "Enterprise cost management": 2157,
        "Total Operating Expenses": 5754,
        "Total revenue financing activities": 17,
        "Net profit from business activities": 1629,
        "Profit": 162,
        "Profit before tax": 1791,
        "Present corporate income tax expenses": 502,
        "Deferred income taxes expenses": -502,
        "The interests of minority shareholders": "N/A",
        "Total Cost of profits": 0,
        "Profit after tax corporate income": 1791,
        "Volume": 2000000,
        "Close of Quarter": 16.9,
        "EPS": 4473,
        "Non-adjusted EPS": 4473,
        "PE": 3.8,
        "Book Price": 14.1
      }
    },
    {
      "quarter": "Q2 2007",
      "income status": {
        "Net sales": 26778,
        "Cost of goods sold": 23018,
        "Gross Profit": 3760,
        "Financial expenses": 224,
        "Of which: Interest expense": -200,
        "Cost of sales": 76,
        "Enterprise cost management": 2074,
        "Total Operating Expenses": 2374,
        "Total revenue financing activities": 23,
        "Net profit from business activities": 1410,
        "Profit": 369,
        "Profit before tax": 1779,
        "Present corporate income tax expenses": "N/A",
        "Deferred income taxes expenses": "N/A",
        "The interests of minority shareholders": "N/A",
        "Total Cost of profits": 0,
        "Profit after tax corporate income": 1779,
        "Volume": 2000000,
        "Close of Quarter": 15.2,
        "EPS": 4078,
        "Non-adjusted EPS": 4078,
        "PE": 3.7,
        "Book Price": 13.5
      }
    },
    {
      "quarter": "Q1 2007",
      "income status": {
        "Net sales": 25356,
        "Cost of goods sold": 22178,
        "Gross Profit": 3178,
        "Financial expenses": 15,
        "Of which: Interest expense": "N/A",
        "Cost of sales": 35,
        "Enterprise cost management": 1495,
        "Total Operating Expenses": 1545,
        "Total revenue financing activities": 40,
        "Net profit from business activities": 1673,
        "Profit": 55,
        "Profit before tax": 1728,
        "Present corporate income tax expenses": "N/A",
        "Deferred income taxes expenses": "N/A",
        "The interests of minority shareholders": "N/A",
        "Total Cost of profits": 0,
        "Profit after tax corporate income": 1728,
        "Volume": 2000000,
        "Close of Quarter": 23.9,
        "EPS": 4195,
        "Non-adjusted EPS": 4195,
        "PE": 5.7,
        "Book Price": 13.2
      }
    },
    {
      "quarter": "Q4 2006",
      "income status": {
        "Net sales": 62845,
        "Cost of goods sold": 56392,
        "Gross Profit": 6453,
        "Financial expenses": 48,
        "Of which: Interest expense": "N/A",
        "Cost of sales": 1088,
        "Enterprise cost management": 2031,
        "Total Operating Expenses": 3167,
        "Total revenue financing activities": 32,
        "Net profit from business activities": 3318,
        "Profit": 330,
        "Profit before tax": 3648,
        "Present corporate income tax expenses": "N/A",
        "Deferred income taxes expenses": "N/A",
        "The interests of minority shareholders": "N/A",
        "Total Cost of profits": 0,
        "Profit after tax corporate income": 3648,
        "Volume": 2000000,
        "Close of Quarter": 19.1,
        "EPS": 3331,
        "Non-adjusted EPS": 3331,
        "PE": 5.7,
        "Book Price": 12.7
      }
    },
    {
      "quarter": "Q3 2006",
      "income status": {
        "Net sales": 35614,
        "Cost of goods sold": 29787,
        "Gross Profit": 5827,
        "Financial expenses": "N/A",
        "Of which: Interest expense": "N/A",
        "Cost of sales": 3374,
        "Enterprise cost management": 1465,
        "Total Operating Expenses": 4839,
        "Total revenue financing activities": 23,
        "Net profit from business activities": 1011,
        "Profit": -10,
        "Profit before tax": 1001,
        "Present corporate income tax expenses": "N/A",
        "Deferred income taxes expenses": "N/A",
        "The interests of minority shareholders": "N/A",
        "Total Cost of profits": 0,
        "Profit after tax corporate income": 1001,
        "Volume": 2000000,
        "Close of Quarter": "N/A",
        "EPS": 1507,
        "Non-adjusted EPS": 1507,
        "PE": "N/A",
        "Book Price": "N/A"
      }
    },
    {
      "quarter": "Q2 2006",
      "income status": {
        "Net sales": 52563,
        "Cost of goods sold": 47914,
        "Gross Profit": 4648,
        "Financial expenses": 294,
        "Of which: Interest expense": 294,
        "Cost of sales": 16,
        "Enterprise cost management": 2589,
        "Total Operating Expenses": 2899,
        "Total revenue financing activities": 29,
        "Net profit from business activities": "N/A",
        "Profit": "N/A",
        "Profit before tax": 2012,
        "Present corporate income tax expenses": "N/A",
        "Deferred income taxes expenses": "N/A",
        "The interests of minority shareholders": "N/A",
        "Total Cost of profits": 0,
        "Profit after tax corporate income": 2012,
        "Volume": 2000000,
        "Close of Quarter": "N/A",
        "EPS": 1006,
        "Non-adjusted EPS": 1006,
        "PE": "N/A",
        "Book Price": "N/A"
      }
    }
  ]
}