{
  "ticker": "CMG",
  "data": [
    {
      "quarter": "Q1 2017",
      "income status": {
        "Net sales": 1070106,
        "Cost of goods sold": 911612,
        "Gross Profit": 158495,
        "Financial expenses": 6875,
        "Of which: Interest expense": 6254,
        "Cost of sales": 63790,
        "Enterprise cost management": 59583,
        "Total Operating Expenses": 130248,
        "Total revenue financing activities": 5685,
        "Net profit from business activities": 36576,
        "Profit": 2378,
        "Profit before tax": 38954,
        "Present corporate income tax expenses": 6750,
        "Deferred income taxes expenses": -11,
        "The interests of minority shareholders": 8868,
        "Total Cost of profits": 15607,
        "Profit after tax corporate income": 23346,
        "Volume": 67242694,
        "Close of Quarter": 14.3,
        "EPS": 1824,
        "Non-adjusted EPS": 1824,
        "PE": 7.8,
        "Book Price": 17.5
      }
    },
    {
      "quarter": "Q4 2016",
      "income status": {
        "Net sales": 1163880,
        "Cost of goods sold": 1005685,
        "Gross Profit": 158195,
        "Financial expenses": 5491,
        "Of which: Interest expense": 5192,
        "Cost of sales": 59033,
        "Enterprise cost management": 42397,
        "Total Operating Expenses": 106921,
        "Total revenue financing activities": 5349,
        "Net profit from business activities": 60425,
        "Profit": 2814,
        "Profit before tax": 63238,
        "Present corporate income tax expenses": 9666,
        "Deferred income taxes expenses": 17,
        "The interests of minority shareholders": 10621,
        "Total Cost of profits": 20304,
        "Profit after tax corporate income": 42934,
        "Volume": 67242694,
        "Close of Quarter": 15,
        "EPS": 1701,
        "Non-adjusted EPS": 1701,
        "PE": 8.8,
        "Book Price": 17.1
      }
    },
    {
      "quarter": "Q3 2016",
      "income status": {
        "Net sales": 1166738,
        "Cost of goods sold": 1021942,
        "Gross Profit": 144797,
        "Financial expenses": 7436,
        "Of which: Interest expense": 7210,
        "Cost of sales": 55103,
        "Enterprise cost management": 43156,
        "Total Operating Expenses": 105695,
        "Total revenue financing activities": 4703,
        "Net profit from business activities": 47215,
        "Profit": 2654,
        "Profit before tax": 49869,
        "Present corporate income tax expenses": 7998,
        "Deferred income taxes expenses": -14,
        "The interests of minority shareholders": 6110,
        "Total Cost of profits": 14094,
        "Profit after tax corporate income": 35775,
        "Volume": 67242694,
        "Close of Quarter": 17,
        "EPS": 1704,
        "Non-adjusted EPS": 1704,
        "PE": 10.0,
        "Book Price": 16.3
      }
    },
    {
      "quarter": "Q2 2016",
      "income status": {
        "Net sales": 987307,
        "Cost of goods sold": 859329,
        "Gross Profit": 127978,
        "Financial expenses": 8208,
        "Of which: Interest expense": 7941,
        "Cost of sales": 51378,
        "Enterprise cost management": 43654,
        "Total Operating Expenses": 103240,
        "Total revenue financing activities": 4860,
        "Net profit from business activities": 32775,
        "Profit": 1229,
        "Profit before tax": 34004,
        "Present corporate income tax expenses": 5748,
        "Deferred income taxes expenses": 11,
        "The interests of minority shareholders": 7625,
        "Total Cost of profits": 13384,
        "Profit after tax corporate income": 20619,
        "Volume": 67242694,
        "Close of Quarter": 13.7,
        "EPS": 1675,
        "Non-adjusted EPS": 1675,
        "PE": 8.2,
        "Book Price": 16.7
      }
    },
    {
      "quarter": "Q1 2016",
      "income status": {
        "Net sales": 976534,
        "Cost of goods sold": 834009,
        "Gross Profit": 142525,
        "Financial expenses": 7236,
        "Of which: Interest expense": 7798,
        "Cost of sales": 56054,
        "Enterprise cost management": 55191,
        "Total Operating Expenses": 118481,
        "Total revenue financing activities": 8115,
        "Net profit from business activities": 31541,
        "Profit": 4001,
        "Profit before tax": 35541,
        "Present corporate income tax expenses": 12744,
        "Deferred income taxes expenses": 407,
        "The interests of minority shareholders": 7332,
        "Total Cost of profits": 20483,
        "Profit after tax corporate income": 15058,
        "Volume": 67242694,
        "Close of Quarter": 14.7,
        "EPS": 1599,
        "Non-adjusted EPS": 1599,
        "PE": 9.2,
        "Book Price": 16.3
      }
    },
    {
      "quarter": "Q4 2015",
      "income status": {
        "Net sales": 1075364,
        "Cost of goods sold": 916996,
        "Gross Profit": 158369,
        "Financial expenses": 5442,
        "Of which: Interest expense": 4914,
        "Cost of sales": 62676,
        "Enterprise cost management": 38914,
        "Total Operating Expenses": 107032,
        "Total revenue financing activities": 1166,
        "Net profit from business activities": 58244,
        "Profit": 2006,
        "Profit before tax": 60249,
        "Present corporate income tax expenses": 6980,
        "Deferred income taxes expenses": -163,
        "The interests of minority shareholders": 10290,
        "Total Cost of profits": 17107,
        "Profit after tax corporate income": 43142,
        "Volume": 67242694,
        "Close of Quarter": 14.1,
        "EPS": 1688,
        "Non-adjusted EPS": 1688,
        "PE": 8.3,
        "Book Price": 16.1
      }
    },
    {
      "quarter": "Q3 2015",
      "income status": {
        "Net sales": 885136,
        "Cost of goods sold": 753665,
        "Gross Profit": 131471,
        "Financial expenses": 10215,
        "Of which: Interest expense": 6298,
        "Cost of sales": 51687,
        "Enterprise cost management": 35208,
        "Total Operating Expenses": 97110,
        "Total revenue financing activities": 5275,
        "Net profit from business activities": 42355,
        "Profit": 1994,
        "Profit before tax": 44349,
        "Present corporate income tax expenses": 3005,
        "Deferred income taxes expenses": -148,
        "The interests of minority shareholders": 7699,
        "Total Cost of profits": 10556,
        "Profit after tax corporate income": 33792,
        "Volume": 67242694,
        "Close of Quarter": 13.4,
        "EPS": 1636,
        "Non-adjusted EPS": 1636,
        "PE": 8.2,
        "Book Price": 15.4
      }
    },
    {
      "quarter": "Q2 2015",
      "income status": {
        "Net sales": 756779,
        "Cost of goods sold": 661837,
        "Gross Profit": 94942,
        "Financial expenses": 9813,
        "Of which: Interest expense": 6961,
        "Cost of sales": 39855,
        "Enterprise cost management": 31032,
        "Total Operating Expenses": 80700,
        "Total revenue financing activities": 2067,
        "Net profit from business activities": 18194,
        "Profit": 2043,
        "Profit before tax": 20238,
        "Present corporate income tax expenses": 824,
        "Deferred income taxes expenses": "N/A",
        "The interests of minority shareholders": 3890,
        "Total Cost of profits": 4714,
        "Profit after tax corporate income": 15524,
        "Volume": 67242694,
        "Close of Quarter": 14.7,
        "EPS": 1559,
        "Non-adjusted EPS": 1559,
        "PE": 9.5,
        "Book Price": 14.9
      }
    },
    {
      "quarter": "Q1 2015",
      "income status": {
        "Net sales": 936024,
        "Cost of goods sold": 812399,
        "Gross Profit": 123625,
        "Financial expenses": 8720,
        "Of which: Interest expense": 8888,
        "Cost of sales": 53937,
        "Enterprise cost management": 37949,
        "Total Operating Expenses": 100606,
        "Total revenue financing activities": 1112,
        "Net profit from business activities": 25731,
        "Profit": 925,
        "Profit before tax": 26656,
        "Present corporate income tax expenses": 2986,
        "Deferred income taxes expenses": 236,
        "The interests of minority shareholders": 2409,
        "Total Cost of profits": 5631,
        "Profit after tax corporate income": 21025,
        "Volume": 67242694,
        "Close of Quarter": 10.7,
        "EPS": 1504,
        "Non-adjusted EPS": 1504,
        "PE": 7.1,
        "Book Price": 11.1
      }
    },
    {
      "quarter": "Q4 2014",
      "income status": {
        "Net sales": 842396,
        "Cost of goods sold": 699941,
        "Gross Profit": 142456,
        "Financial expenses": 11098,
        "Of which: Interest expense": 10242,
        "Cost of sales": 55954,
        "Enterprise cost management": 32975,
        "Total Operating Expenses": 100027,
        "Total revenue financing activities": 1448,
        "Net profit from business activities": 45961,
        "Profit": 3098,
        "Profit before tax": 49059,
        "Present corporate income tax expenses": 6297,
        "Deferred income taxes expenses": 44,
        "The interests of minority shareholders": 3021,
        "Total Cost of profits": 9362,
        "Profit after tax corporate income": 39698,
        "Volume": 67242694,
        "Close of Quarter": 8.4,
        "EPS": 1039,
        "Non-adjusted EPS": 1039,
        "PE": 8.1,
        "Book Price": 10.7
      }
    },
    {
      "quarter": "Q3 2014",
      "income status": {
        "Net sales": 845217,
        "Cost of goods sold": 725414,
        "Gross Profit": 119803,
        "Financial expenses": 12528,
        "Of which: Interest expense": 9856,
        "Cost of sales": 52815,
        "Enterprise cost management": 31666,
        "Total Operating Expenses": 97009,
        "Total revenue financing activities": 2348,
        "Net profit from business activities": 26925,
        "Profit": 6993,
        "Profit before tax": 33918,
        "Present corporate income tax expenses": 1483,
        "Deferred income taxes expenses": 1150,
        "The interests of minority shareholders": 2681,
        "Total Cost of profits": 5314,
        "Profit after tax corporate income": 28604,
        "Volume": 67242694,
        "Close of Quarter": 8.2,
        "EPS": 848,
        "Non-adjusted EPS": 848,
        "PE": 9.7,
        "Book Price": 10.1
      }
    },
    {
      "quarter": "Q2 2014",
      "income status": {
        "Net sales": 635239,
        "Cost of goods sold": 541298,
        "Gross Profit": 93940,
        "Financial expenses": 11760,
        "Of which: Interest expense": 10293,
        "Cost of sales": 49954,
        "Enterprise cost management": 24584,
        "Total Operating Expenses": 86298,
        "Total revenue financing activities": 1683,
        "Net profit from business activities": 12203,
        "Profit": 71,
        "Profit before tax": 12274,
        "Present corporate income tax expenses": 50,
        "Deferred income taxes expenses": "N/A",
        "The interests of minority shareholders": 427,
        "Total Cost of profits": 477,
        "Profit after tax corporate income": 11797,
        "Volume": 67242694,
        "Close of Quarter": 6.0,
        "EPS": 521,
        "Non-adjusted EPS": 521,
        "PE": 11.4,
        "Book Price": 9.6
      }
    },
    {
      "quarter": "Q1 2014",
      "income status": {
        "Net sales": 745238,
        "Cost of goods sold": 608332,
        "Gross Profit": 136906,
        "Financial expenses": 12783,
        "Of which: Interest expense": 9102,
        "Cost of sales": 73425,
        "Enterprise cost management": 59238,
        "Total Operating Expenses": 145446,
        "Total revenue financing activities": 2669,
        "Net profit from business activities": -4662,
        "Profit": -104,
        "Profit before tax": -4766,
        "Present corporate income tax expenses": 430,
        "Deferred income taxes expenses": 1599,
        "The interests of minority shareholders": 3430,
        "Total Cost of profits": 5459,
        "Profit after tax corporate income": -10225,
        "Volume": 67242694,
        "Close of Quarter": 7.4,
        "EPS": 251,
        "Non-adjusted EPS": 251,
        "PE": 29.4,
        "Book Price": 9.5
      }
    },
    {
      "quarter": "Q4 2013",
      "income status": {
        "Net sales": 825069,
        "Cost of goods sold": 708680,
        "Gross Profit": 116389,
        "Financial expenses": 14757,
        "Of which: Interest expense": 14367,
        "Cost of sales": 40066,
        "Enterprise cost management": 28958,
        "Total Operating Expenses": 83781,
        "Total revenue financing activities": 1455,
        "Net profit from business activities": 34063,
        "Profit": -2273,
        "Profit before tax": 32671,
        "Present corporate income tax expenses": 2290,
        "Deferred income taxes expenses": 31,
        "The interests of minority shareholders": 3472,
        "Total Cost of profits": 5793,
        "Profit after tax corporate income": 26879,
        "Volume": 67242694,
        "Close of Quarter": 4.3,
        "EPS": 309,
        "Non-adjusted EPS": 309,
        "PE": 13.8,
        "Book Price": 9
      }
    },
    {
      "quarter": "Q3 2013",
      "income status": {
        "Net sales": 728465,
        "Cost of goods sold": 630085,
        "Gross Profit": 98380,
        "Financial expenses": 18766,
        "Of which: Interest expense": 16344,
        "Cost of sales": 41333,
        "Enterprise cost management": 26520,
        "Total Operating Expenses": 86619,
        "Total revenue financing activities": -693,
        "Net profit from business activities": 11069,
        "Profit": -1075,
        "Profit before tax": 10714,
        "Present corporate income tax expenses": 4670,
        "Deferred income taxes expenses": -488,
        "The interests of minority shareholders": -80,
        "Total Cost of profits": 4102,
        "Profit after tax corporate income": 6612,
        "Volume": 67242694,
        "Close of Quarter": 3.9,
        "EPS": -83,
        "Non-adjusted EPS": -83,
        "PE": -46.6,
        "Book Price": 8.5
      }
    },
    {
      "quarter": "Q2 2013",
      "income status": {
        "Net sales": 559843,
        "Cost of goods sold": 481239,
        "Gross Profit": 78604,
        "Financial expenses": 21195,
        "Of which: Interest expense": 19362,
        "Cost of sales": 41795,
        "Enterprise cost management": 26146,
        "Total Operating Expenses": 89136,
        "Total revenue financing activities": 3267,
        "Net profit from business activities": -7265,
        "Profit": 210,
        "Profit before tax": -6175,
        "Present corporate income tax expenses": 540,
        "Deferred income taxes expenses": "N/A",
        "The interests of minority shareholders": -342,
        "Total Cost of profits": 198,
        "Profit after tax corporate income": -6372,
        "Volume": 67242694,
        "Close of Quarter": 4.3,
        "EPS": -104,
        "Non-adjusted EPS": -104,
        "PE": -40.9,
        "Book Price": 8.4
      }
    },
    {
      "quarter": "Q1 2013",
      "income status": {
        "Net sales": 559843,
        "Cost of goods sold": 481239,
        "Gross Profit": 78604,
        "Financial expenses": 21195,
        "Of which: Interest expense": 19362,
        "Cost of sales": 41795,
        "Enterprise cost management": 26146,
        "Total Operating Expenses": 89136,
        "Total revenue financing activities": 3267,
        "Net profit from business activities": -7265,
        "Profit": 210,
        "Profit before tax": -6175,
        "Present corporate income tax expenses": 540,
        "Deferred income taxes expenses": "N/A",
        "The interests of minority shareholders": -342,
        "Total Cost of profits": 198,
        "Profit after tax corporate income": -6372,
        "Volume": 67242694,
        "Close of Quarter": 5.4,
        "EPS": 136,
        "Non-adjusted EPS": 136,
        "PE": 39.6,
        "Book Price": 8.4
      }
    },
    {
      "quarter": "Q4 2012",
      "income status": {
        "Net sales": 767773,
        "Cost of goods sold": 650511,
        "Gross Profit": 117262,
        "Financial expenses": 25206,
        "Of which: Interest expense": 24628,
        "Cost of sales": 54352,
        "Enterprise cost management": 40567,
        "Total Operating Expenses": 120125,
        "Total revenue financing activities": 10075,
        "Net profit from business activities": 7211,
        "Profit": 190,
        "Profit before tax": 8690,
        "Present corporate income tax expenses": 4601,
        "Deferred income taxes expenses": "N/A",
        "The interests of minority shareholders": 3541,
        "Total Cost of profits": 8142,
        "Profit after tax corporate income": 548,
        "Volume": 67242694,
        "Close of Quarter": 4.4,
        "EPS": 180,
        "Non-adjusted EPS": 180,
        "PE": 24.7,
        "Book Price": 8.8
      }
    },
    {
      "quarter": "Q3 2012",
      "income status": {
        "Net sales": 806244,
        "Cost of goods sold": 711634,
        "Gross Profit": 94610,
        "Financial expenses": 20971,
        "Of which: Interest expense": 17278,
        "Cost of sales": 45908,
        "Enterprise cost management": 26327,
        "Total Operating Expenses": 93206,
        "Total revenue financing activities": 3770,
        "Net profit from business activities": 5174,
        "Profit": -89,
        "Profit before tax": 6036,
        "Present corporate income tax expenses": "N/A",
        "Deferred income taxes expenses": 312,
        "The interests of minority shareholders": 537,
        "Total Cost of profits": 849,
        "Profit after tax corporate income": 5186,
        "Volume": 67242694,
        "Close of Quarter": 3.3,
        "EPS": -761,
        "Non-adjusted EPS": -761,
        "PE": -4.4,
        "Book Price": 9.1
      }
    },
    {
      "quarter": "Q2 2012",
      "income status": {
        "Net sales": 689967,
        "Cost of goods sold": 594923,
        "Gross Profit": 95044,
        "Financial expenses": 21735,
        "Of which: Interest expense": 22641,
        "Cost of sales": 45861,
        "Enterprise cost management": 23398,
        "Total Operating Expenses": 90994,
        "Total revenue financing activities": 1579,
        "Net profit from business activities": 5629,
        "Profit": -144,
        "Profit before tax": 10250,
        "Present corporate income tax expenses": 3762,
        "Deferred income taxes expenses": 312,
        "The interests of minority shareholders": -3615,
        "Total Cost of profits": 459,
        "Profit after tax corporate income": 9791,
        "Volume": 67242694,
        "Close of Quarter": 4.9,
        "EPS": -778,
        "Non-adjusted EPS": -778,
        "PE": -6.3,
        "Book Price": 9
      }
    },
    {
      "quarter": "Q1 2012",
      "income status": {
        "Net sales": 530816,
        "Cost of goods sold": 474672,
        "Gross Profit": 56144,
        "Financial expenses": 16604,
        "Of which: Interest expense": 13395,
        "Cost of sales": 24268,
        "Enterprise cost management": 18198,
        "Total Operating Expenses": 59070,
        "Total revenue financing activities": 1936,
        "Net profit from business activities": -989,
        "Profit": -44,
        "Profit before tax": -3397,
        "Present corporate income tax expenses": 312,
        "Deferred income taxes expenses": "N/A",
        "The interests of minority shareholders": -274,
        "Total Cost of profits": 38,
        "Profit after tax corporate income": -3435,
        "Volume": 67242694,
        "Close of Quarter": 6.1,
        "EPS": -884,
        "Non-adjusted EPS": -884,
        "PE": -7.0,
        "Book Price": 8.6
      }
    },
    {
      "quarter": "Q4 2011",
      "income status": {
        "Net sales": 690110,
        "Cost of goods sold": 661827,
        "Gross Profit": 28282,
        "Financial expenses": 30607,
        "Of which: Interest expense": "N/A",
        "Cost of sales": 43844,
        "Enterprise cost management": 24298,
        "Total Operating Expenses": 98749,
        "Total revenue financing activities": 7053,
        "Net profit from business activities": -63413,
        "Profit": -538,
        "Profit before tax": -63511,
        "Present corporate income tax expenses": "N/A",
        "Deferred income taxes expenses": "N/A",
        "The interests of minority shareholders": -821,
        "Total Cost of profits": -821,
        "Profit after tax corporate income": -62690,
        "Volume": 67242694,
        "Close of Quarter": 5.7,
        "EPS": -737,
        "Non-adjusted EPS": -737,
        "PE": -7.7,
        "Book Price": 9
      }
    },
    {
      "quarter": "Q3 2011",
      "income status": {
        "Net sales": 685556,
        "Cost of goods sold": 611059,
        "Gross Profit": 74498,
        "Financial expenses": 52078,
        "Of which: Interest expense": 50161,
        "Cost of sales": 26816,
        "Enterprise cost management": 24298,
        "Total Operating Expenses": 103192,
        "Total revenue financing activities": 35644,
        "Net profit from business activities": 6949,
        "Profit": -1193,
        "Profit before tax": 4169,
        "Present corporate income tax expenses": 834,
        "Deferred income taxes expenses": "N/A",
        "The interests of minority shareholders": -711,
        "Total Cost of profits": 123,
        "Profit after tax corporate income": 4046,
        "Volume": 63437008,
        "Close of Quarter": 8.0,
        "EPS": 851.9,
        "Non-adjusted EPS": 903,
        "PE": 8.9,
        "Book Price": 10.3
      }
    },
    {
      "quarter": "Q2 2011",
      "income status": {
        "Net sales": 718998,
        "Cost of goods sold": 631892,
        "Gross Profit": 87106,
        "Financial expenses": 32927,
        "Of which: Interest expense": 19033,
        "Cost of sales": 33310,
        "Enterprise cost management": 21613,
        "Total Operating Expenses": 87850,
        "Total revenue financing activities": 553,
        "Net profit from business activities": -192,
        "Profit": 5683,
        "Profit before tax": 3578,
        "Present corporate income tax expenses": 1371,
        "Deferred income taxes expenses": "N/A",
        "The interests of minority shareholders": -424,
        "Total Cost of profits": 947,
        "Profit after tax corporate income": 2632,
        "Volume": 63437008,
        "Close of Quarter": 7.9,
        "EPS": 920.8,
        "Non-adjusted EPS": 976,
        "PE": 8.1,
        "Book Price": 10.4
      }
    },
    {
      "quarter": "Q1 2011",
      "income status": {
        "Net sales": 821419,
        "Cost of goods sold": 727107,
        "Gross Profit": 94312,
        "Financial expenses": 41069,
        "Of which: Interest expense": 27892,
        "Cost of sales": 34420,
        "Enterprise cost management": 17923,
        "Total Operating Expenses": 93412,
        "Total revenue financing activities": 10088,
        "Net profit from business activities": 10988,
        "Profit": 1312,
        "Profit before tax": 7336,
        "Present corporate income tax expenses": 1467,
        "Deferred income taxes expenses": "N/A",
        "The interests of minority shareholders": -569,
        "Total Cost of profits": 898,
        "Profit after tax corporate income": 6438,
        "Volume": 63437008,
        "Close of Quarter": 13.6,
        "EPS": 1149.1,
        "Non-adjusted EPS": 1218,
        "PE": 11.1,
        "Book Price": 10.4
      }
    },
    {
      "quarter": "Q4 2010",
      "income status": {
        "Net sales": 3654148,
        "Cost of goods sold": 3235951,
        "Gross Profit": 418197,
        "Financial expenses": 153422,
        "Of which: Interest expense": 94500,
        "Cost of sales": 123479,
        "Enterprise cost management": 100085,
        "Total Operating Expenses": 376986,
        "Total revenue financing activities": 26492,
        "Net profit from business activities": 67704,
        "Profit": -554,
        "Profit before tax": 53575,
        "Present corporate income tax expenses": 10144,
        "Deferred income taxes expenses": "N/A",
        "The interests of minority shareholders": -749,
        "Total Cost of profits": 9395,
        "Profit after tax corporate income": 44180,
        "Volume": 63437008,
        "Close of Quarter": 17.7,
        "EPS": 1215.1,
        "Non-adjusted EPS": 1288,
        "PE": 13.7,
        "Book Price": 10.6
      }
    },
    {
      "quarter": "Q3 2010",
      "income status": {
        "Net sales": 910554,
        "Cost of goods sold": 819026,
        "Gross Profit": 91529,
        "Financial expenses": 46467,
        "Of which: Interest expense": 47833,
        "Cost of sales": 28663,
        "Enterprise cost management": 24220,
        "Total Operating Expenses": 99350,
        "Total revenue financing activities": 15277,
        "Net profit from business activities": 7455,
        "Profit": 11810,
        "Profit before tax": 14758,
        "Present corporate income tax expenses": 6226,
        "Deferred income taxes expenses": "N/A",
        "The interests of minority shareholders": -127,
        "Total Cost of profits": 6099,
        "Profit after tax corporate income": 8659,
        "Volume": 63437008,
        "Close of Quarter": 18.0,
        "EPS": 1915.1,
        "Non-adjusted EPS": 2030,
        "PE": 8.9,
        "Book Price": 10.2
      }
    },
    {
      "quarter": "Q2 2010",
      "income status": {
        "Net sales": 980024,
        "Cost of goods sold": 869877,
        "Gross Profit": 110147,
        "Financial expenses": 34198,
        "Of which: Interest expense": 28093,
        "Cost of sales": 33308,
        "Enterprise cost management": 14172,
        "Total Operating Expenses": 81678,
        "Total revenue financing activities": -1877,
        "Net profit from business activities": 26592,
        "Profit": -1095,
        "Profit before tax": 23899,
        "Present corporate income tax expenses": 6097,
        "Deferred income taxes expenses": "N/A",
        "The interests of minority shareholders": -190,
        "Total Cost of profits": 5907,
        "Profit after tax corporate income": 17992,
        "Volume": 63437008,
        "Close of Quarter": 22.3,
        "EPS": 1894.4,
        "Non-adjusted EPS": 2008,
        "PE": 11.1,
        "Book Price": 10.2
      }
    },
    {
      "quarter": "Q1 2010",
      "income status": {
        "Net sales": 630312,
        "Cost of goods sold": 547906,
        "Gross Profit": 82406,
        "Financial expenses": 30492,
        "Of which: Interest expense": 17802,
        "Cost of sales": 23641,
        "Enterprise cost management": 20864,
        "Total Operating Expenses": 74997,
        "Total revenue financing activities": 7056,
        "Net profit from business activities": 14465,
        "Profit": 818,
        "Profit before tax": 14430,
        "Present corporate income tax expenses": 3608,
        "Deferred income taxes expenses": "N/A",
        "The interests of minority shareholders": -30,
        "Total Cost of profits": 3578,
        "Profit after tax corporate income": 10853,
        "Volume": 63536267,
        "Close of Quarter": 19.1,
        "EPS": 1969.1,
        "Non-adjusted EPS": 2084,
        "PE": 9.2,
        "Book Price": 11.0
      }
    },
    {
      "quarter": "Q4 2009",
      "income status": {
        "Net sales": 1317543,
        "Cost of goods sold": 1140169,
        "Gross Profit": 177374,
        "Financial expenses": 21963,
        "Of which: Interest expense": 20637,
        "Cost of sales": 18056,
        "Enterprise cost management": 36307,
        "Total Operating Expenses": 76326,
        "Total revenue financing activities": 5086,
        "Net profit from business activities": 106134,
        "Profit": -592,
        "Profit before tax": 105542,
        "Present corporate income tax expenses": 14250,
        "Deferred income taxes expenses": "N/A",
        "The interests of minority shareholders": "N/A",
        "Total Cost of profits": 14250,
        "Profit after tax corporate income": 91292,
        "Volume": 63536267,
        "Close of Quarter": "N/A",
        "EPS": 1842.5,
        "Non-adjusted EPS": 1950,
        "PE": "N/A",
        "Book Price": 11.4
      }
    },
    {
      "quarter": "Q3 2009",
      "income status": {
        "Net sales": 867182,
        "Cost of goods sold": 780356,
        "Gross Profit": 86826,
        "Financial expenses": 20109,
        "Of which: Interest expense": 10755,
        "Cost of sales": 34543,
        "Enterprise cost management": 24457,
        "Total Operating Expenses": 79109,
        "Total revenue financing activities": 8542,
        "Net profit from business activities": 16260,
        "Profit": -735,
        "Profit before tax": 12654,
        "Present corporate income tax expenses": 6525,
        "Deferred income taxes expenses": "N/A",
        "The interests of minority shareholders": -1145,
        "Total Cost of profits": 5380,
        "Profit after tax corporate income": 7274,
        "Volume": 63536267,
        "Close of Quarter": "N/A",
        "EPS": 484.7,
        "Non-adjusted EPS": 513,
        "PE": "N/A",
        "Book Price": 10.3
      }
    },
    {
      "quarter": "Q2 2009",
      "income status": {
        "Net sales": 728485,
        "Cost of goods sold": 635939,
        "Gross Profit": 92545,
        "Financial expenses": 11314,
        "Of which: Interest expense": 7413,
        "Cost of sales": 37254,
        "Enterprise cost management": 13449,
        "Total Operating Expenses": 62017,
        "Total revenue financing activities": -3332,
        "Net profit from business activities": 27197,
        "Profit": 511,
        "Profit before tax": 27708,
        "Present corporate income tax expenses": 4686,
        "Deferred income taxes expenses": "N/A",
        "The interests of minority shareholders": "N/A",
        "Total Cost of profits": 4686,
        "Profit after tax corporate income": 23022,
        "Volume": 63536267,
        "Close of Quarter": "N/A",
        "EPS": 376.1,
        "Non-adjusted EPS": 398,
        "PE": "N/A",
        "Book Price": "N/A"
      }
    },
    {
      "quarter": "Q1 2009",
      "income status": {
        "Net sales": 495395,
        "Cost of goods sold": 432783,
        "Gross Profit": 62613,
        "Financial expenses": 22878,
        "Of which: Interest expense": 13552,
        "Cost of sales": 22993,
        "Enterprise cost management": 20713,
        "Total Operating Expenses": 66584,
        "Total revenue financing activities": 6487,
        "Net profit from business activities": 2516,
        "Profit": 449,
        "Profit before tax": 2965,
        "Present corporate income tax expenses": 682,
        "Deferred income taxes expenses": "N/A",
        "The interests of minority shareholders": "N/A",
        "Total Cost of profits": 682,
        "Profit after tax corporate income": 2283,
        "Volume": 63536267,
        "Close of Quarter": "N/A",
        "EPS": 34.0,
        "Non-adjusted EPS": 36,
        "PE": "N/A",
        "Book Price": "N/A"
      }
    }
  ]
}