{
  "ticker": "PTC",
  "data": [
    {
      "quarter": "Q1 2017",
      "income status": {
        "Net sales": 7807,
        "Cost of goods sold": 7519,
        "Gross Profit": 288,
        "Financial expenses": 7618,
        "Of which: Interest expense": 7325,
        "Cost of sales": 910,
        "Enterprise cost management": 3791,
        "Total Operating Expenses": 12319,
        "Total revenue financing activities": 15711,
        "Net profit from business activities": 3924,
        "Profit": 1125,
        "Profit before tax": 5049,
        "Present corporate income tax expenses": "N/A",
        "Deferred income taxes expenses": "N/A",
        "The interests of minority shareholders": -1146,
        "Total Cost of profits": -1146,
        "Profit after tax corporate income": 6195,
        "Volume": 17999999,
        "Close of Quarter": 5.4,
        "EPS": -550,
        "Non-adjusted EPS": -550,
        "PE": -9.8,
        "Book Price": 13.1
      }
    },
    {
      "quarter": "Q4 2016",
      "income status": {
        "Net sales": 115951,
        "Cost of goods sold": 105040,
        "Gross Profit": 10912,
        "Financial expenses": 25855,
        "Of which: Interest expense": 2857,
        "Cost of sales": 1834,
        "Enterprise cost management": 9796,
        "Total Operating Expenses": 37485,
        "Total revenue financing activities": 5134,
        "Net profit from business activities": -20607,
        "Profit": -140,
        "Profit before tax": -20746,
        "Present corporate income tax expenses": 244,
        "Deferred income taxes expenses": "N/A",
        "The interests of minority shareholders": -233,
        "Total Cost of profits": 11,
        "Profit after tax corporate income": -20758,
        "Volume": 17999999,
        "Close of Quarter": 6.7,
        "EPS": 1812,
        "Non-adjusted EPS": 1812,
        "PE": 3.7,
        "Book Price": 13
      }
    },
    {
      "quarter": "Q3 2016",
      "income status": {
        "Net sales": 58664,
        "Cost of goods sold": 54879,
        "Gross Profit": 3785,
        "Financial expenses": 2492,
        "Of which: Interest expense": 2426,
        "Cost of sales": 729,
        "Enterprise cost management": 4396,
        "Total Operating Expenses": 7617,
        "Total revenue financing activities": 3526,
        "Net profit from business activities": 346,
        "Profit": -28,
        "Profit before tax": 318,
        "Present corporate income tax expenses": 145,
        "Deferred income taxes expenses": "N/A",
        "The interests of minority shareholders": -658,
        "Total Cost of profits": -513,
        "Profit after tax corporate income": 831,
        "Volume": 17999999,
        "Close of Quarter": 6.4,
        "EPS": 3518,
        "Non-adjusted EPS": 3518,
        "PE": 1.8,
        "Book Price": 14.4
      }
    },
    {
      "quarter": "Q2 2016",
      "income status": {
        "Net sales": 52911,
        "Cost of goods sold": 52026,
        "Gross Profit": 885,
        "Financial expenses": 409,
        "Of which: Interest expense": 2781,
        "Cost of sales": 1119,
        "Enterprise cost management": 4481,
        "Total Operating Expenses": 6009,
        "Total revenue financing activities": 11583,
        "Net profit from business activities": 6715,
        "Profit": 346,
        "Profit before tax": 7062,
        "Present corporate income tax expenses": 4185,
        "Deferred income taxes expenses": "N/A",
        "The interests of minority shareholders": -955,
        "Total Cost of profits": 3230,
        "Profit after tax corporate income": 3832,
        "Volume": 17999999,
        "Close of Quarter": 8.8,
        "EPS": 3713,
        "Non-adjusted EPS": 3713,
        "PE": 2.4,
        "Book Price": 14.4
      }
    },
    {
      "quarter": "Q1 2016",
      "income status": {
        "Net sales": 94995,
        "Cost of goods sold": 92353,
        "Gross Profit": 2641,
        "Financial expenses": 4076,
        "Of which: Interest expense": 3689,
        "Cost of sales": 629,
        "Enterprise cost management": 5202,
        "Total Operating Expenses": 9907,
        "Total revenue financing activities": 7357,
        "Net profit from business activities": 324,
        "Profit": 59723,
        "Profit before tax": 60047,
        "Present corporate income tax expenses": 11114,
        "Deferred income taxes expenses": "N/A",
        "The interests of minority shareholders": 230,
        "Total Cost of profits": 11344,
        "Profit after tax corporate income": 48703,
        "Volume": 17999999,
        "Close of Quarter": 8.6,
        "EPS": 3338,
        "Non-adjusted EPS": 3338,
        "PE": 2.6,
        "Book Price": 14.2
      }
    },
    {
      "quarter": "Q4 2015",
      "income status": {
        "Net sales": 93466,
        "Cost of goods sold": 80970,
        "Gross Profit": 12496,
        "Financial expenses": 4147,
        "Of which: Interest expense": 1588,
        "Cost of sales": 1373,
        "Enterprise cost management": 3058,
        "Total Operating Expenses": 8578,
        "Total revenue financing activities": 7539,
        "Net profit from business activities": 11583,
        "Profit": -311,
        "Profit before tax": 11272,
        "Present corporate income tax expenses": -80,
        "Deferred income taxes expenses": "N/A",
        "The interests of minority shareholders": 1387,
        "Total Cost of profits": 1307,
        "Profit after tax corporate income": 9965,
        "Volume": 17999999,
        "Close of Quarter": 9.5,
        "EPS": 420,
        "Non-adjusted EPS": 420,
        "PE": 22.6,
        "Book Price": 12.6
      }
    },
    {
      "quarter": "Q3 2015",
      "income status": {
        "Net sales": 37269,
        "Cost of goods sold": 30975,
        "Gross Profit": 6294,
        "Financial expenses": 519,
        "Of which: Interest expense": 474,
        "Cost of sales": 1005,
        "Enterprise cost management": 3699,
        "Total Operating Expenses": 5223,
        "Total revenue financing activities": 3740,
        "Net profit from business activities": 5074,
        "Profit": -728,
        "Profit before tax": 4346,
        "Present corporate income tax expenses": 7,
        "Deferred income taxes expenses": "N/A",
        "The interests of minority shareholders": 12,
        "Total Cost of profits": 19,
        "Profit after tax corporate income": 4327,
        "Volume": 17999999,
        "Close of Quarter": 9.3,
        "EPS": 1068,
        "Non-adjusted EPS": 1068,
        "PE": 8.7,
        "Book Price": 11.2
      }
    },
    {
      "quarter": "Q2 2015",
      "income status": {
        "Net sales": 24448,
        "Cost of goods sold": 23370,
        "Gross Profit": 1078,
        "Financial expenses": 1177,
        "Of which: Interest expense": 61,
        "Cost of sales": 286,
        "Enterprise cost management": 2301,
        "Total Operating Expenses": 3764,
        "Total revenue financing activities": 1011,
        "Net profit from business activities": -1682,
        "Profit": -651,
        "Profit before tax": -2333,
        "Present corporate income tax expenses": 572,
        "Deferred income taxes expenses": "N/A",
        "The interests of minority shareholders": "N/A",
        "Total Cost of profits": 572,
        "Profit after tax corporate income": -2905,
        "Volume": 10000000,
        "Close of Quarter": 7.6,
        "EPS": 540,
        "Non-adjusted EPS": 972,
        "PE": 7.8,
        "Book Price": 10.7
      }
    },
    {
      "quarter": "Q1 2015",
      "income status": {
        "Net sales": 7622,
        "Cost of goods sold": 8043,
        "Gross Profit": -421,
        "Financial expenses": 291,
        "Of which: Interest expense": 291,
        "Cost of sales": 419,
        "Enterprise cost management": 2568,
        "Total Operating Expenses": 3278,
        "Total revenue financing activities": 347,
        "Net profit from business activities": -3111,
        "Profit": -709,
        "Profit before tax": -3821,
        "Present corporate income tax expenses": "N/A",
        "Deferred income taxes expenses": "N/A",
        "The interests of minority shareholders": "N/A",
        "Total Cost of profits": 0,
        "Profit after tax corporate income": -3821,
        "Volume": 10000000,
        "Close of Quarter": 6.4,
        "EPS": 403.9,
        "Non-adjusted EPS": 727,
        "PE": 8.8,
        "Book Price": 10.8
      }
    },
    {
      "quarter": "Q4 2014",
      "income status": {
        "Net sales": 58659,
        "Cost of goods sold": 48253,
        "Gross Profit": 10406,
        "Financial expenses": 622,
        "Of which: Interest expense": 74,
        "Cost of sales": 383,
        "Enterprise cost management": 4302,
        "Total Operating Expenses": 5307,
        "Total revenue financing activities": -6,
        "Net profit from business activities": 5803,
        "Profit": 16025,
        "Profit before tax": 21828,
        "Present corporate income tax expenses": "N/A",
        "Deferred income taxes expenses": "N/A",
        "The interests of minority shareholders": 203,
        "Total Cost of profits": 203,
        "Profit after tax corporate income": 21625,
        "Volume": 10000000,
        "Close of Quarter": 4.9,
        "EPS": 231.1,
        "Non-adjusted EPS": 416,
        "PE": 11.9,
        "Book Price": 11.1
      }
    },
    {
      "quarter": "Q3 2014",
      "income status": {
        "Net sales": 18251,
        "Cost of goods sold": 16478,
        "Gross Profit": 1773,
        "Financial expenses": 155,
        "Of which: Interest expense": 131,
        "Cost of sales": 270,
        "Enterprise cost management": 3574,
        "Total Operating Expenses": 3999,
        "Total revenue financing activities": 551,
        "Net profit from business activities": -1290,
        "Profit": -3894,
        "Profit before tax": -5184,
        "Present corporate income tax expenses": "N/A",
        "Deferred income taxes expenses": "N/A",
        "The interests of minority shareholders": "N/A",
        "Total Cost of profits": 0,
        "Profit after tax corporate income": -5184,
        "Volume": 10000000,
        "Close of Quarter": 3.7,
        "EPS": -435,
        "Non-adjusted EPS": -783,
        "PE": -4.8,
        "Book Price": 9.8
      }
    },
    {
      "quarter": "Q2 2014",
      "income status": {
        "Net sales": 32259,
        "Cost of goods sold": 32337,
        "Gross Profit": -79,
        "Financial expenses": 849,
        "Of which: Interest expense": 923,
        "Cost of sales": 269,
        "Enterprise cost management": 5102,
        "Total Operating Expenses": 6220,
        "Total revenue financing activities": 213,
        "Net profit from business activities": -5749,
        "Profit": -252,
        "Profit before tax": -6001,
        "Present corporate income tax expenses": "N/A",
        "Deferred income taxes expenses": "N/A",
        "The interests of minority shareholders": -646,
        "Total Cost of profits": -646,
        "Profit after tax corporate income": -5355,
        "Volume": 10000000,
        "Close of Quarter": 3.1,
        "EPS": -246.7,
        "Non-adjusted EPS": -444,
        "PE": -7,
        "Book Price": 10.1
      }
    },
    {
      "quarter": "Q1 2014",
      "income status": {
        "Net sales": 4015,
        "Cost of goods sold": 3926,
        "Gross Profit": 89,
        "Financial expenses": 124,
        "Of which: Interest expense": 124,
        "Cost of sales": 212,
        "Enterprise cost management": 3827,
        "Total Operating Expenses": 4163,
        "Total revenue financing activities": 24,
        "Net profit from business activities": -3844,
        "Profit": -3082,
        "Profit before tax": -6926,
        "Present corporate income tax expenses": "N/A",
        "Deferred income taxes expenses": "N/A",
        "The interests of minority shareholders": "N/A",
        "Total Cost of profits": 0,
        "Profit after tax corporate income": -6926,
        "Volume": 10000000,
        "Close of Quarter": 3.8,
        "EPS": -132.8,
        "Non-adjusted EPS": -239,
        "PE": -15.8,
        "Book Price": 10.4
      }
    },
    {
      "quarter": "Q4 2013",
      "income status": {
        "Net sales": 61172,
        "Cost of goods sold": 53365,
        "Gross Profit": 7807,
        "Financial expenses": 465,
        "Of which: Interest expense": 431,
        "Cost of sales": 226,
        "Enterprise cost management": 693,
        "Total Operating Expenses": 1384,
        "Total revenue financing activities": 239,
        "Net profit from business activities": 6661,
        "Profit": 2614,
        "Profit before tax": 9579,
        "Present corporate income tax expenses": "N/A",
        "Deferred income taxes expenses": "N/A",
        "The interests of minority shareholders": -58,
        "Total Cost of profits": -58,
        "Profit after tax corporate income": 9637,
        "Volume": 10000000,
        "Close of Quarter": 3.2,
        "EPS": 85,
        "Non-adjusted EPS": 153,
        "PE": 21.1,
        "Book Price": 10.6
      }
    },
    {
      "quarter": "Q3 2013",
      "income status": {
        "Net sales": 11325,
        "Cost of goods sold": 10177,
        "Gross Profit": 1148,
        "Financial expenses": 415,
        "Of which: Interest expense": 4153,
        "Cost of sales": 276,
        "Enterprise cost management": 3134,
        "Total Operating Expenses": 3825,
        "Total revenue financing activities": 217,
        "Net profit from business activities": -2459,
        "Profit": 525,
        "Profit before tax": -1829,
        "Present corporate income tax expenses": "N/A",
        "Deferred income taxes expenses": "N/A",
        "The interests of minority shareholders": -31,
        "Total Cost of profits": -31,
        "Profit after tax corporate income": -1798,
        "Volume": 9500000,
        "Close of Quarter": 2.9,
        "EPS": -2050.4,
        "Non-adjusted EPS": -3885,
        "PE": -0.8,
        "Book Price": 9.9
      }
    },
    {
      "quarter": "Q2 2013",
      "income status": {
        "Net sales": 17986,
        "Cost of goods sold": 16162,
        "Gross Profit": 1824,
        "Financial expenses": 796,
        "Of which: Interest expense": 615,
        "Cost of sales": 499,
        "Enterprise cost management": 3288,
        "Total Operating Expenses": 4583,
        "Total revenue financing activities": 99,
        "Net profit from business activities": -2660,
        "Profit": -848,
        "Profit before tax": -3332,
        "Present corporate income tax expenses": "N/A",
        "Deferred income taxes expenses": "N/A",
        "The interests of minority shareholders": -29,
        "Total Cost of profits": -29,
        "Profit after tax corporate income": -3303,
        "Volume": 9500000,
        "Close of Quarter": 3.2,
        "EPS": -1971.8,
        "Non-adjusted EPS": -3736,
        "PE": -0.9,
        "Book Price": 10.0
      }
    },
    {
      "quarter": "Q1 2013",
      "income status": {
        "Net sales": 10572,
        "Cost of goods sold": 9552,
        "Gross Profit": 1019,
        "Financial expenses": 772,
        "Of which: Interest expense": 772,
        "Cost of sales": 408,
        "Enterprise cost management": 3274,
        "Total Operating Expenses": 4454,
        "Total revenue financing activities": 262,
        "Net profit from business activities": -3172,
        "Profit": 6,
        "Profit before tax": -3104,
        "Present corporate income tax expenses": "N/A",
        "Deferred income taxes expenses": "N/A",
        "The interests of minority shareholders": -94,
        "Total Cost of profits": -94,
        "Profit after tax corporate income": -3010,
        "Volume": 9500000,
        "Close of Quarter": 2.9,
        "EPS": -3133.9,
        "Non-adjusted EPS": -5938,
        "PE": -0.5,
        "Book Price": 10.2
      }
    },
    {
      "quarter": "Q4 2012",
      "income status": {
        "Net sales": 50382,
        "Cost of goods sold": 61160,
        "Gross Profit": -10778,
        "Financial expenses": 639,
        "Of which: Interest expense": 745,
        "Cost of sales": 224,
        "Enterprise cost management": 17410,
        "Total Operating Expenses": 18273,
        "Total revenue financing activities": -594,
        "Net profit from business activities": -29647,
        "Profit": 2,
        "Profit before tax": -29448,
        "Present corporate income tax expenses": "N/A",
        "Deferred income taxes expenses": "N/A",
        "The interests of minority shareholders": -656,
        "Total Cost of profits": -656,
        "Profit after tax corporate income": -28792,
        "Volume": 9500000,
        "Close of Quarter": 4.3,
        "EPS": -3167.2,
        "Non-adjusted EPS": -6001,
        "PE": -0.7,
        "Book Price": 10.3
      }
    },
    {
      "quarter": "Q3 2012",
      "income status": {
        "Net sales": 55115,
        "Cost of goods sold": 51849,
        "Gross Profit": 3266,
        "Financial expenses": 2225,
        "Of which: Interest expense": 2225,
        "Cost of sales": 144,
        "Enterprise cost management": 3822,
        "Total Operating Expenses": 6191,
        "Total revenue financing activities": 1385,
        "Net profit from business activities": -1539,
        "Profit": 1133,
        "Profit before tax": -403,
        "Present corporate income tax expenses": "N/A",
        "Deferred income taxes expenses": "N/A",
        "The interests of minority shareholders": -19,
        "Total Cost of profits": -19,
        "Profit after tax corporate income": -384,
        "Volume": 9500000,
        "Close of Quarter": 2.7,
        "EPS": -1320.0,
        "Non-adjusted EPS": -2501,
        "PE": -1.1,
        "Book Price": 11.9
      }
    },
    {
      "quarter": "Q2 2012",
      "income status": {
        "Net sales": 52294,
        "Cost of goods sold": 54712,
        "Gross Profit": -2418,
        "Financial expenses": 1983,
        "Of which: Interest expense": 2105,
        "Cost of sales": 272,
        "Enterprise cost management": 19861,
        "Total Operating Expenses": 22116,
        "Total revenue financing activities": -264,
        "Net profit from business activities": -24799,
        "Profit": -976,
        "Profit before tax": -25507,
        "Present corporate income tax expenses": 41,
        "Deferred income taxes expenses": -41,
        "The interests of minority shareholders": -1280,
        "Total Cost of profits": -1280,
        "Profit after tax corporate income": -24227,
        "Volume": 9500000,
        "Close of Quarter": 5.3,
        "EPS": -842.9,
        "Non-adjusted EPS": -1597,
        "PE": -3.3,
        "Book Price": 12.0
      }
    },
    {
      "quarter": "Q1 2012",
      "income status": {
        "Net sales": 6105,
        "Cost of goods sold": 5489,
        "Gross Profit": 616,
        "Financial expenses": 1286,
        "Of which: Interest expense": 1131,
        "Cost of sales": 137,
        "Enterprise cost management": 985,
        "Total Operating Expenses": 2408,
        "Total revenue financing activities": 1719,
        "Net profit from business activities": -73,
        "Profit": 28,
        "Profit before tax": -3667,
        "Present corporate income tax expenses": "N/A",
        "Deferred income taxes expenses": "N/A",
        "The interests of minority shareholders": -56,
        "Total Cost of profits": -56,
        "Profit after tax corporate income": -3611,
        "Volume": 9500000,
        "Close of Quarter": 5.8,
        "EPS": 325.1,
        "Non-adjusted EPS": 616,
        "PE": 9.5,
        "Book Price": 13.3
      }
    },
    {
      "quarter": "Q4 2011",
      "income status": {
        "Net sales": 110654,
        "Cost of goods sold": 87153,
        "Gross Profit": 23501,
        "Financial expenses": 3664,
        "Of which: Interest expense": 3585,
        "Cost of sales": 227,
        "Enterprise cost management": 10143,
        "Total Operating Expenses": 14034,
        "Total revenue financing activities": "N/A",
        "Net profit from business activities": 9467,
        "Profit": -2395,
        "Profit before tax": 5939,
        "Present corporate income tax expenses": 1573,
        "Deferred income taxes expenses": "N/A",
        "The interests of minority shareholders": -93,
        "Total Cost of profits": 1480,
        "Profit after tax corporate income": 4459,
        "Volume": 9500000,
        "Close of Quarter": 2.1,
        "EPS": 316.7,
        "Non-adjusted EPS": 600,
        "PE": 3.5,
        "Book Price": 13.7
      }
    },
    {
      "quarter": "Q3 2011",
      "income status": {
        "Net sales": 90278,
        "Cost of goods sold": 77855,
        "Gross Profit": 12423,
        "Financial expenses": 2396,
        "Of which: Interest expense": 1740,
        "Cost of sales": 297,
        "Enterprise cost management": 10678,
        "Total Operating Expenses": 13371,
        "Total revenue financing activities": 2200,
        "Net profit from business activities": 1252,
        "Profit": 6763,
        "Profit before tax": 1217,
        "Present corporate income tax expenses": 437,
        "Deferred income taxes expenses": "N/A",
        "The interests of minority shareholders": -77,
        "Total Cost of profits": 360,
        "Profit after tax corporate income": 8209,
        "Volume": 9500000,
        "Close of Quarter": 8.6,
        "EPS": 430.7,
        "Non-adjusted EPS": 816,
        "PE": 10.6,
        "Book Price": 13.5
      }
    },
    {
      "quarter": "Q2 2011",
      "income status": {
        "Net sales": 49080,
        "Cost of goods sold": 42381,
        "Gross Profit": 6700,
        "Financial expenses": 2473,
        "Of which: Interest expense": 2245,
        "Cost of sales": 417,
        "Enterprise cost management": 10414,
        "Total Operating Expenses": 13304,
        "Total revenue financing activities": 2859,
        "Net profit from business activities": -3745,
        "Profit": 326,
        "Profit before tax": -3380,
        "Present corporate income tax expenses": "N/A",
        "Deferred income taxes expenses": "N/A",
        "The interests of minority shareholders": -176,
        "Total Cost of profits": -176,
        "Profit after tax corporate income": -3204,
        "Volume": 9500000,
        "Close of Quarter": 6.6,
        "EPS": -40.6,
        "Non-adjusted EPS": -77,
        "PE": -85.8,
        "Book Price": 13.0
      }
    },
    {
      "quarter": "Q1 2011",
      "income status": {
        "Net sales": 24816,
        "Cost of goods sold": 21294,
        "Gross Profit": 3522,
        "Financial expenses": 1339,
        "Of which: Interest expense": 1339,
        "Cost of sales": 231,
        "Enterprise cost management": 8464,
        "Total Operating Expenses": 10034,
        "Total revenue financing activities": 2331,
        "Net profit from business activities": -4180,
        "Profit": 176,
        "Profit before tax": -3971,
        "Present corporate income tax expenses": "N/A",
        "Deferred income taxes expenses": "N/A",
        "The interests of minority shareholders": -204,
        "Total Cost of profits": -204,
        "Profit after tax corporate income": -3767,
        "Volume": 9500000,
        "Close of Quarter": 7.4,
        "EPS": -74.4,
        "Non-adjusted EPS": -141,
        "PE": -52.8,
        "Book Price": 13.2
      }
    },
    {
      "quarter": "Q4 2010",
      "income status": {
        "Net sales": 112270,
        "Cost of goods sold": 87107,
        "Gross Profit": 25163,
        "Financial expenses": 1703,
        "Of which: Interest expense": 1436,
        "Cost of sales": 1371,
        "Enterprise cost management": 13889,
        "Total Operating Expenses": 16963,
        "Total revenue financing activities": 2012,
        "Net profit from business activities": 10212,
        "Profit": 148,
        "Profit before tax": 10324,
        "Present corporate income tax expenses": 4064,
        "Deferred income taxes expenses": "N/A",
        "The interests of minority shareholders": -253,
        "Total Cost of profits": 3811,
        "Profit after tax corporate income": 6513,
        "Volume": 9500000,
        "Close of Quarter": 8,
        "EPS": 85.5,
        "Non-adjusted EPS": 162,
        "PE": 49.4,
        "Book Price": 12.9
      }
    },
    {
      "quarter": "Q3 2010",
      "income status": {
        "Net sales": 56501,
        "Cost of goods sold": 47580,
        "Gross Profit": 8921,
        "Financial expenses": 1019,
        "Of which: Interest expense": 1005,
        "Cost of sales": 763,
        "Enterprise cost management": 8426,
        "Total Operating Expenses": 10208,
        "Total revenue financing activities": 831,
        "Net profit from business activities": -455,
        "Profit": 212,
        "Profit before tax": -213,
        "Present corporate income tax expenses": 180,
        "Deferred income taxes expenses": "N/A",
        "The interests of minority shareholders": -116,
        "Total Cost of profits": 64,
        "Profit after tax corporate income": -277,
        "Volume": 9500000,
        "Close of Quarter": 7,
        "EPS": -209,
        "Non-adjusted EPS": -396,
        "PE": -17.7,
        "Book Price": 13.1
      }
    },
    {
      "quarter": "Q2 2010",
      "income status": {
        "Net sales": 42140,
        "Cost of goods sold": 36758,
        "Gross Profit": 5382,
        "Financial expenses": 2178,
        "Of which: Interest expense": 1552,
        "Cost of sales": 899,
        "Enterprise cost management": 7887,
        "Total Operating Expenses": 10964,
        "Total revenue financing activities": 1295,
        "Net profit from business activities": -4286,
        "Profit": 121,
        "Profit before tax": -3996,
        "Present corporate income tax expenses": "N/A",
        "Deferred income taxes expenses": "N/A",
        "The interests of minority shareholders": -188,
        "Total Cost of profits": -188,
        "Profit after tax corporate income": -3808,
        "Volume": 9500000,
        "Close of Quarter": 9.8,
        "EPS": -115.6,
        "Non-adjusted EPS": -219,
        "PE": -44.7,
        "Book Price": 13.1
      }
    },
    {
      "quarter": "Q1 2010",
      "income status": {
        "Net sales": 35828,
        "Cost of goods sold": 29956,
        "Gross Profit": 5873,
        "Financial expenses": 938,
        "Of which: Interest expense": 711,
        "Cost of sales": 350,
        "Enterprise cost management": 6808,
        "Total Operating Expenses": 8096,
        "Total revenue financing activities": 866,
        "Net profit from business activities": -1357,
        "Profit": 14,
        "Profit before tax": -1196,
        "Present corporate income tax expenses": -263,
        "Deferred income taxes expenses": "N/A",
        "The interests of minority shareholders": -46,
        "Total Cost of profits": -309,
        "Profit after tax corporate income": -887,
        "Volume": 9500000,
        "Close of Quarter": 5.9,
        "EPS": 108.7,
        "Non-adjusted EPS": 206,
        "PE": 28.6,
        "Book Price": 13.4
      }
    },
    {
      "quarter": "Q4 2009",
      "income status": {
        "Net sales": 120091,
        "Cost of goods sold": 110603,
        "Gross Profit": 9488,
        "Financial expenses": 1595,
        "Of which: Interest expense": 1405,
        "Cost of sales": 2520,
        "Enterprise cost management": 6791,
        "Total Operating Expenses": 10906,
        "Total revenue financing activities": 4661,
        "Net profit from business activities": 3243,
        "Profit": -1856,
        "Profit before tax": 1386,
        "Present corporate income tax expenses": 173,
        "Deferred income taxes expenses": "N/A",
        "The interests of minority shareholders": "N/A",
        "Total Cost of profits": 173,
        "Profit after tax corporate income": 1213,
        "Volume": 9500000,
        "Close of Quarter": 5.9,
        "EPS": 172.1,
        "Non-adjusted EPS": 326,
        "PE": 18.1,
        "Book Price": 13.6
      }
    },
    {
      "quarter": "Q3 2009",
      "income status": {
        "Net sales": 88077,
        "Cost of goods sold": 79689,
        "Gross Profit": 8389,
        "Financial expenses": 1532,
        "Of which: Interest expense": "N/A",
        "Cost of sales": 437,
        "Enterprise cost management": 5850,
        "Total Operating Expenses": 7819,
        "Total revenue financing activities": 923,
        "Net profit from business activities": 1492,
        "Profit": 104,
        "Profit before tax": 1596,
        "Present corporate income tax expenses": 200,
        "Deferred income taxes expenses": "N/A",
        "The interests of minority shareholders": "N/A",
        "Total Cost of profits": 200,
        "Profit after tax corporate income": 1397,
        "Volume": 9500000,
        "Close of Quarter": 7.8,
        "EPS": 278.7,
        "Non-adjusted EPS": 528,
        "PE": 14.8,
        "Book Price": 13.6
      }
    },
    {
      "quarter": "Q2 2009",
      "income status": {
        "Net sales": 52561,
        "Cost of goods sold": 44900,
        "Gross Profit": 7661,
        "Financial expenses": 1416,
        "Of which: Interest expense": 1029,
        "Cost of sales": 1291,
        "Enterprise cost management": 5960,
        "Total Operating Expenses": 8667,
        "Total revenue financing activities": 1171,
        "Net profit from business activities": 165,
        "Profit": 106,
        "Profit before tax": 271,
        "Present corporate income tax expenses": 34,
        "Deferred income taxes expenses": "N/A",
        "The interests of minority shareholders": "N/A",
        "Total Cost of profits": 34,
        "Profit after tax corporate income": 237,
        "Volume": 9500000,
        "Close of Quarter": 7.4,
        "EPS": 219.0,
        "Non-adjusted EPS": 415,
        "PE": 17.9,
        "Book Price": 13.5
      }
    },
    {
      "quarter": "Q1 2009",
      "income status": {
        "Net sales": 46164,
        "Cost of goods sold": 39498,
        "Gross Profit": 6667,
        "Financial expenses": 2008,
        "Of which: Interest expense": 2008,
        "Cost of sales": 757,
        "Enterprise cost management": 4492,
        "Total Operating Expenses": 7257,
        "Total revenue financing activities": 880,
        "Net profit from business activities": 289,
        "Profit": -8,
        "Profit before tax": 281,
        "Present corporate income tax expenses": 35,
        "Deferred income taxes expenses": "N/A",
        "The interests of minority shareholders": "N/A",
        "Total Cost of profits": 35,
        "Profit after tax corporate income": 246,
        "Volume": 9500000,
        "Close of Quarter": 4.2,
        "EPS": 267.6,
        "Non-adjusted EPS": 507,
        "PE": 8.2,
        "Book Price": 13.7
      }
    },
    {
      "quarter": "Q4 2008",
      "income status": {
        "Net sales": 151694,
        "Cost of goods sold": 132168,
        "Gross Profit": 19526,
        "Financial expenses": 3491,
        "Of which: Interest expense": 3094,
        "Cost of sales": 3212,
        "Enterprise cost management": 12304,
        "Total Operating Expenses": 19007,
        "Total revenue financing activities": 2825,
        "Net profit from business activities": 3343,
        "Profit": -209,
        "Profit before tax": 3134,
        "Present corporate income tax expenses": "N/A",
        "Deferred income taxes expenses": "N/A",
        "The interests of minority shareholders": "N/A",
        "Total Cost of profits": 0,
        "Profit after tax corporate income": 3134,
        "Volume": 9500000,
        "Close of Quarter": 4.4,
        "EPS": 280.8,
        "Non-adjusted EPS": 532,
        "PE": 8.3,
        "Book Price": 13.6
      }
    },
    {
      "quarter": "Q3 2008",
      "income status": {
        "Net sales": 72960,
        "Cost of goods sold": 66248,
        "Gross Profit": 6712,
        "Financial expenses": 2309,
        "Of which: Interest expense": 2309,
        "Cost of sales": 662,
        "Enterprise cost management": 4526,
        "Total Operating Expenses": 7497,
        "Total revenue financing activities": 2217,
        "Net profit from business activities": 1431,
        "Profit": -1101,
        "Profit before tax": 330,
        "Present corporate income tax expenses": "N/A",
        "Deferred income taxes expenses": "N/A",
        "The interests of minority shareholders": "N/A",
        "Total Cost of profits": 0,
        "Profit after tax corporate income": 330,
        "Volume": 9500000,
        "Close of Quarter": 6.5,
        "EPS": 400.6,
        "Non-adjusted EPS": 759,
        "PE": 8.6,
        "Book Price": 13.6
      }
    },
    {
      "quarter": "Q2 2008",
      "income status": {
        "Net sales": 93043,
        "Cost of goods sold": 84435,
        "Gross Profit": 8608,
        "Financial expenses": 4616,
        "Of which: Interest expense": 4318,
        "Cost of sales": 711,
        "Enterprise cost management": 4144,
        "Total Operating Expenses": 9471,
        "Total revenue financing activities": 1918,
        "Net profit from business activities": 1055,
        "Profit": 56,
        "Profit before tax": 1111,
        "Present corporate income tax expenses": "N/A",
        "Deferred income taxes expenses": "N/A",
        "The interests of minority shareholders": "N/A",
        "Total Cost of profits": 0,
        "Profit after tax corporate income": 1111,
        "Volume": 9500000,
        "Close of Quarter": 7.3,
        "EPS": 740.5,
        "Non-adjusted EPS": 1403,
        "PE": 5.2,
        "Book Price": 13.6
      }
    },
    {
      "quarter": "Q1 2008",
      "income status": {
        "Net sales": 121479,
        "Cost of goods sold": 116309,
        "Gross Profit": 5170,
        "Financial expenses": 1648,
        "Of which: Interest expense": 1539,
        "Cost of sales": 1268,
        "Enterprise cost management": 2288,
        "Total Operating Expenses": 5204,
        "Total revenue financing activities": 509,
        "Net profit from business activities": 475,
        "Profit": 2,
        "Profit before tax": 477,
        "Present corporate income tax expenses": "N/A",
        "Deferred income taxes expenses": "N/A",
        "The interests of minority shareholders": "N/A",
        "Total Cost of profits": 0,
        "Profit after tax corporate income": 477,
        "Volume": 10000000,
        "Close of Quarter": 16.1,
        "EPS": 1113.3,
        "Non-adjusted EPS": 2004,
        "PE": 8.0,
        "Book Price": 13.9
      }
    },
    {
      "quarter": "Q4 2007",
      "income status": {
        "Net sales": 182126,
        "Cost of goods sold": 156803,
        "Gross Profit": 25324,
        "Financial expenses": 5992,
        "Of which: Interest expense": "N/A",
        "Cost of sales": 2696,
        "Enterprise cost management": 7948,
        "Total Operating Expenses": 16636,
        "Total revenue financing activities": 1020,
        "Net profit from business activities": 9707,
        "Profit": -93,
        "Profit before tax": 9614,
        "Present corporate income tax expenses": 4323,
        "Deferred income taxes expenses": "N/A",
        "The interests of minority shareholders": "N/A",
        "Total Cost of profits": 4323,
        "Profit after tax corporate income": 5291,
        "Volume": 10000000,
        "Close of Quarter": 31.4,
        "EPS": 1356.7,
        "Non-adjusted EPS": 2442,
        "PE": 12.8,
        "Book Price": 14.6
      }
    },
    {
      "quarter": "Q3 2007",
      "income status": {
        "Net sales": 157266,
        "Cost of goods sold": 140334,
        "Gross Profit": 16931,
        "Financial expenses": 4061,
        "Of which: Interest expense": "N/A",
        "Cost of sales": 1886,
        "Enterprise cost management": 4597,
        "Total Operating Expenses": 10544,
        "Total revenue financing activities": 81,
        "Net profit from business activities": 6468,
        "Profit": -17,
        "Profit before tax": 6451,
        "Present corporate income tax expenses": "N/A",
        "Deferred income taxes expenses": "N/A",
        "The interests of minority shareholders": "N/A",
        "Total Cost of profits": 0,
        "Profit after tax corporate income": 6451,
        "Volume": 10000000,
        "Close of Quarter": 27.5,
        "EPS": 1608.3,
        "Non-adjusted EPS": 2895,
        "PE": 9.5,
        "Book Price": 8.4
      }
    },
    {
      "quarter": "Q2 2007",
      "income status": {
        "Net sales": 118314,
        "Cost of goods sold": 102756,
        "Gross Profit": 15558,
        "Financial expenses": 2814,
        "Of which: Interest expense": "N/A",
        "Cost of sales": 2206,
        "Enterprise cost management": 4984,
        "Total Operating Expenses": 10004,
        "Total revenue financing activities": 1489,
        "Net profit from business activities": 7042,
        "Profit": -13,
        "Profit before tax": 7030,
        "Present corporate income tax expenses": -790,
        "Deferred income taxes expenses": "N/A",
        "The interests of minority shareholders": "N/A",
        "Total Cost of profits": -790,
        "Profit after tax corporate income": 7820,
        "Volume": 5000000,
        "Close of Quarter": 27.4,
        "EPS": 1249.7,
        "Non-adjusted EPS": 4499,
        "PE": 6.1,
        "Book Price": 6.6
      }
    },
    {
      "quarter": "Q1 2007",
      "income status": {
        "Net sales": 89691,
        "Cost of goods sold": 74123,
        "Gross Profit": 15568,
        "Financial expenses": 3532,
        "Of which: Interest expense": "N/A",
        "Cost of sales": 2738,
        "Enterprise cost management": 3978,
        "Total Operating Expenses": 10248,
        "Total revenue financing activities": 272,
        "Net profit from business activities": 5592,
        "Profit": 51,
        "Profit before tax": 5643,
        "Present corporate income tax expenses": 790,
        "Deferred income taxes expenses": "N/A",
        "The interests of minority shareholders": "N/A",
        "Total Cost of profits": 790,
        "Profit after tax corporate income": 4853,
        "Volume": 5000000,
        "Close of Quarter": 38.8,
        "EPS": 815.3,
        "Non-adjusted EPS": 2935,
        "PE": 13.2,
        "Book Price": 14.6
      }
    },
    {
      "quarter": "Q4 2006",
      "income status": {
        "Net sales": 144924,
        "Cost of goods sold": 124596,
        "Gross Profit": 20328,
        "Financial expenses": 2292,
        "Of which: Interest expense": "N/A",
        "Cost of sales": 4068,
        "Enterprise cost management": 4643,
        "Total Operating Expenses": 11003,
        "Total revenue financing activities": 369,
        "Net profit from business activities": 9695,
        "Profit": 126,
        "Profit before tax": 9821,
        "Present corporate income tax expenses": "N/A",
        "Deferred income taxes expenses": "N/A",
        "The interests of minority shareholders": "N/A",
        "Total Cost of profits": 0,
        "Profit after tax corporate income": 9821,
        "Volume": 5000000,
        "Close of Quarter": 20.0,
        "EPS": 545.6,
        "Non-adjusted EPS": 1964,
        "PE": 10.2,
        "Book Price": 6.6
      }
    }
  ]
}