{
  "ticker": "VCA",
  "data": [
    {
      "quarter": "Q1 2017",
      "income status": {
        "Net sales": 398070,
        "Cost of goods sold": 364194,
        "Gross Profit": 33876,
        "Financial expenses": 582,
        "Of which: Interest expense": 582,
        "Cost of sales": 4605,
        "Enterprise cost management": 7898,
        "Total Operating Expenses": 13085,
        "Total revenue financing activities": 284,
        "Net profit from business activities": 21076,
        "Profit": -52,
        "Profit before tax": 21024,
        "Present corporate income tax expenses": 4205,
        "Deferred income taxes expenses": "N/A",
        "The interests of minority shareholders": "N/A",
        "Total Cost of profits": 4205,
        "Profit after tax corporate income": 16819,
        "Volume": 15187322,
        "Close of Quarter": 9.6,
        "EPS": 2842,
        "Non-adjusted EPS": 2842,
        "PE": 3.4,
        "Book Price": 14.5
      }
    },
    {
      "quarter": "Q4 2016",
      "income status": {
        "Net sales": 351905,
        "Cost of goods sold": 338530,
        "Gross Profit": 13375,
        "Financial expenses": 92,
        "Of which: Interest expense": 90,
        "Cost of sales": 3762,
        "Enterprise cost management": 4291,
        "Total Operating Expenses": 8145,
        "Total revenue financing activities": 425,
        "Net profit from business activities": 5655,
        "Profit": 335,
        "Profit before tax": 5990,
        "Present corporate income tax expenses": 1238,
        "Deferred income taxes expenses": "N/A",
        "The interests of minority shareholders": "N/A",
        "Total Cost of profits": 1238,
        "Profit after tax corporate income": 4752,
        "Volume": 15187322,
        "Close of Quarter": 7.9,
        "EPS": 2006,
        "Non-adjusted EPS": 2006,
        "PE": 4.0,
        "Book Price": 15.1
      }
    },
    {
      "quarter": "Q3 2016",
      "income status": {
        "Net sales": 364198,
        "Cost of goods sold": 349907,
        "Gross Profit": 14291,
        "Financial expenses": 139,
        "Of which: Interest expense": 143,
        "Cost of sales": 6725,
        "Enterprise cost management": 3085,
        "Total Operating Expenses": 9949,
        "Total revenue financing activities": 91,
        "Net profit from business activities": 4432,
        "Profit": 2,
        "Profit before tax": 4434,
        "Present corporate income tax expenses": 887,
        "Deferred income taxes expenses": "N/A",
        "The interests of minority shareholders": "N/A",
        "Total Cost of profits": 887,
        "Profit after tax corporate income": 3547,
        "Volume": 15187322,
        "Close of Quarter": 8.6,
        "EPS": 2110,
        "Non-adjusted EPS": 2110,
        "PE": 4.1,
        "Book Price": 14.8
      }
    },
    {
      "quarter": "Q2 2016",
      "income status": {
        "Net sales": 305202,
        "Cost of goods sold": 279721,
        "Gross Profit": 25481,
        "Financial expenses": -925,
        "Of which: Interest expense": -930,
        "Cost of sales": -1551,
        "Enterprise cost management": 5398,
        "Total Operating Expenses": 2922,
        "Total revenue financing activities": 881,
        "Net profit from business activities": 23441,
        "Profit": -883,
        "Profit before tax": 22558,
        "Present corporate income tax expenses": 4512,
        "Deferred income taxes expenses": "N/A",
        "The interests of minority shareholders": "N/A",
        "Total Cost of profits": 4512,
        "Profit after tax corporate income": 18047,
        "Volume": 15187322,
        "Close of Quarter": 8.5,
        "EPS": 2605,
        "Non-adjusted EPS": 2605,
        "PE": 3.3,
        "Book Price": 14.5
      }
    },
    {
      "quarter": "Q1 2016",
      "income status": {
        "Net sales": 389548,
        "Cost of goods sold": 370869,
        "Gross Profit": 18679,
        "Financial expenses": 1493,
        "Of which: Interest expense": 1493,
        "Cost of sales": 5196,
        "Enterprise cost management": 6968,
        "Total Operating Expenses": 13657,
        "Total revenue financing activities": 127,
        "Net profit from business activities": 5148,
        "Profit": "N/A",
        "Profit before tax": 5148,
        "Present corporate income tax expenses": 1030,
        "Deferred income taxes expenses": "N/A",
        "The interests of minority shareholders": "N/A",
        "Total Cost of profits": 1030,
        "Profit after tax corporate income": 4119,
        "Volume": 15187322,
        "Close of Quarter": 9.7,
        "EPS": 2566,
        "Non-adjusted EPS": 2566,
        "PE": 3.8,
        "Book Price": 13.3
      }
    },
    {
      "quarter": "Q4 2015",
      "income status": {
        "Net sales": 285717,
        "Cost of goods sold": 269704,
        "Gross Profit": 16013,
        "Financial expenses": -542,
        "Of which: Interest expense": -542,
        "Cost of sales": 3748,
        "Enterprise cost management": 5042,
        "Total Operating Expenses": 8248,
        "Total revenue financing activities": 482,
        "Net profit from business activities": 8247,
        "Profit": -82,
        "Profit before tax": 8164,
        "Present corporate income tax expenses": 1833,
        "Deferred income taxes expenses": "N/A",
        "The interests of minority shareholders": "N/A",
        "Total Cost of profits": 1833,
        "Profit after tax corporate income": 6331,
        "Volume": 15187322,
        "Close of Quarter": 7.2,
        "EPS": 2504,
        "Non-adjusted EPS": 2504,
        "PE": 2.9,
        "Book Price": 14.8
      }
    },
    {
      "quarter": "Q3 2015",
      "income status": {
        "Net sales": 356805,
        "Cost of goods sold": 331803,
        "Gross Profit": 25002,
        "Financial expenses": 4591,
        "Of which: Interest expense": 4546,
        "Cost of sales": 2407,
        "Enterprise cost management": 4425,
        "Total Operating Expenses": 11423,
        "Total revenue financing activities": 1462,
        "Net profit from business activities": 15040,
        "Profit": -862,
        "Profit before tax": 14178,
        "Present corporate income tax expenses": 3119,
        "Deferred income taxes expenses": "N/A",
        "The interests of minority shareholders": "N/A",
        "Total Cost of profits": 3119,
        "Profit after tax corporate income": 11059,
        "Volume": 15187322,
        "Close of Quarter": 6.5,
        "EPS": 2262,
        "Non-adjusted EPS": 2262,
        "PE": 2.9,
        "Book Price": 14.4
      }
    },
    {
      "quarter": "Q2 2015",
      "income status": {
        "Net sales": 456915,
        "Cost of goods sold": 419408,
        "Gross Profit": 37507,
        "Financial expenses": -215,
        "Of which: Interest expense": 273,
        "Cost of sales": 3344,
        "Enterprise cost management": 6924,
        "Total Operating Expenses": 10053,
        "Total revenue financing activities": 3212,
        "Net profit from business activities": 30666,
        "Profit": -8262,
        "Profit before tax": 22404,
        "Present corporate income tax expenses": 4949,
        "Deferred income taxes expenses": "N/A",
        "The interests of minority shareholders": "N/A",
        "Total Cost of profits": 4949,
        "Profit after tax corporate income": 17455,
        "Volume": 15187322,
        "Close of Quarter": 5.1,
        "EPS": 1530,
        "Non-adjusted EPS": 1530,
        "PE": 3.3,
        "Book Price": 13.6
      }
    },
    {
      "quarter": "Q1 2015",
      "income status": {
        "Net sales": 302214,
        "Cost of goods sold": 281026,
        "Gross Profit": 21188,
        "Financial expenses": 6863,
        "Of which: Interest expense": 6358,
        "Cost of sales": 4503,
        "Enterprise cost management": 6197,
        "Total Operating Expenses": 17563,
        "Total revenue financing activities": 463,
        "Net profit from business activities": 4089,
        "Profit": "N/A",
        "Profit before tax": 4089,
        "Present corporate income tax expenses": 900,
        "Deferred income taxes expenses": "N/A",
        "The interests of minority shareholders": "N/A",
        "Total Cost of profits": 900,
        "Profit after tax corporate income": 3190,
        "Volume": 15187322,
        "Close of Quarter": 2.8,
        "EPS": 732,
        "Non-adjusted EPS": 732,
        "PE": 3.8,
        "Book Price": 12.8
      }
    },
    {
      "quarter": "Q4 2014",
      "income status": {
        "Net sales": 332151,
        "Cost of goods sold": 318473,
        "Gross Profit": 13677,
        "Financial expenses": 3875,
        "Of which: Interest expense": 3789,
        "Cost of sales": 2906,
        "Enterprise cost management": 4183,
        "Total Operating Expenses": 10964,
        "Total revenue financing activities": 370,
        "Net profit from business activities": 3083,
        "Profit": 647,
        "Profit before tax": 3730,
        "Present corporate income tax expenses": 1076,
        "Deferred income taxes expenses": "N/A",
        "The interests of minority shareholders": "N/A",
        "Total Cost of profits": 1076,
        "Profit after tax corporate income": 2654,
        "Volume": 15187322,
        "Close of Quarter": 2.5,
        "EPS": 222,
        "Non-adjusted EPS": 222,
        "PE": 11.2,
        "Book Price": 12.5
      }
    },
    {
      "quarter": "Q3 2014",
      "income status": {
        "Net sales": 342064,
        "Cost of goods sold": 330933,
        "Gross Profit": 11131,
        "Financial expenses": 5583,
        "Of which: Interest expense": 5501,
        "Cost of sales": 1876,
        "Enterprise cost management": 4092,
        "Total Operating Expenses": 11551,
        "Total revenue financing activities": 1304,
        "Net profit from business activities": 884,
        "Profit": -969,
        "Profit before tax": -85,
        "Present corporate income tax expenses": -19,
        "Deferred income taxes expenses": "N/A",
        "The interests of minority shareholders": "N/A",
        "Total Cost of profits": -19,
        "Profit after tax corporate income": -66,
        "Volume": 15187322,
        "Close of Quarter": 2.8,
        "EPS": 35,
        "Non-adjusted EPS": 35,
        "PE": 79.1,
        "Book Price": 12.3
      }
    },
    {
      "quarter": "Q2 2014",
      "income status": {
        "Net sales": 493901,
        "Cost of goods sold": 474208,
        "Gross Profit": 19693,
        "Financial expenses": 4557,
        "Of which: Interest expense": 3958,
        "Cost of sales": 4775,
        "Enterprise cost management": 5323,
        "Total Operating Expenses": 14655,
        "Total revenue financing activities": 520,
        "Net profit from business activities": 5558,
        "Profit": 32,
        "Profit before tax": 5590,
        "Present corporate income tax expenses": 251,
        "Deferred income taxes expenses": "N/A",
        "The interests of minority shareholders": "N/A",
        "Total Cost of profits": 251,
        "Profit after tax corporate income": 5339,
        "Volume": 15187322,
        "Close of Quarter": 7.5,
        "EPS": -123,
        "Non-adjusted EPS": -123,
        "PE": -61.1,
        "Book Price": 12.3
      }
    },
    {
      "quarter": "Q1 2014",
      "income status": {
        "Net sales": 465274,
        "Cost of goods sold": 456179,
        "Gross Profit": 9095,
        "Financial expenses": 5315,
        "Of which: Interest expense": 5128,
        "Cost of sales": 3480,
        "Enterprise cost management": 5573,
        "Total Operating Expenses": 14368,
        "Total revenue financing activities": 661,
        "Net profit from business activities": -4612,
        "Profit": 59,
        "Profit before tax": -4553,
        "Present corporate income tax expenses": "N/A",
        "Deferred income taxes expenses": "N/A",
        "The interests of minority shareholders": "N/A",
        "Total Cost of profits": 0,
        "Profit after tax corporate income": -4553,
        "Volume": 15187322,
        "Close of Quarter": 5.4,
        "EPS": -474,
        "Non-adjusted EPS": -474,
        "PE": -11.4,
        "Book Price": 12
      }
    },
    {
      "quarter": "Q4 2013",
      "income status": {
        "Net sales": 426470,
        "Cost of goods sold": 413952,
        "Gross Profit": 12517,
        "Financial expenses": 4315,
        "Of which: Interest expense": 4186,
        "Cost of sales": 4787,
        "Enterprise cost management": 5778,
        "Total Operating Expenses": 14880,
        "Total revenue financing activities": 451,
        "Net profit from business activities": -1912,
        "Profit": 1707,
        "Profit before tax": -205,
        "Present corporate income tax expenses": -10,
        "Deferred income taxes expenses": "N/A",
        "The interests of minority shareholders": "N/A",
        "Total Cost of profits": -10,
        "Profit after tax corporate income": -195,
        "Volume": 15187322,
        "Close of Quarter": 5.4,
        "EPS": -175,
        "Non-adjusted EPS": -175,
        "PE": -30.8,
        "Book Price": 12.3
      }
    },
    {
      "quarter": "Q3 2013",
      "income status": {
        "Net sales": 460209,
        "Cost of goods sold": 449875,
        "Gross Profit": 10334,
        "Financial expenses": 5302,
        "Of which: Interest expense": 5104,
        "Cost of sales": 5156,
        "Enterprise cost management": 4539,
        "Total Operating Expenses": 14997,
        "Total revenue financing activities": 1352,
        "Net profit from business activities": -3311,
        "Profit": 13,
        "Profit before tax": -3298,
        "Present corporate income tax expenses": -842,
        "Deferred income taxes expenses": "N/A",
        "The interests of minority shareholders": "N/A",
        "Total Cost of profits": -842,
        "Profit after tax corporate income": -2456,
        "Volume": 15187322,
        "Close of Quarter": 5.5,
        "EPS": -162,
        "Non-adjusted EPS": -162,
        "PE": -33.8,
        "Book Price": 12.3
      }
    }
  ]
}