{
  "ticker": "NCT",
  "data": [
    {
      "quarter": "Q1 2017",
      "income status": {
        "Net sales": 169071,
        "Cost of goods sold": 72344,
        "Gross Profit": 96727,
        "Financial expenses": 20,
        "Of which: Interest expense": "N/A",
        "Cost of sales": 2454,
        "Enterprise cost management": 14170,
        "Total Operating Expenses": 16644,
        "Total revenue financing activities": 2696,
        "Net profit from business activities": 82778,
        "Profit": -1,
        "Profit before tax": 82778,
        "Present corporate income tax expenses": 16602,
        "Deferred income taxes expenses": -3,
        "The interests of minority shareholders": "N/A",
        "Total Cost of profits": 16599,
        "Profit after tax corporate income": 66178,
        "Volume": 26166940,
        "Close of Quarter": 82.0,
        "EPS": 9924,
        "Non-adjusted EPS": 9924,
        "PE": 8.3,
        "Book Price": 19.2
      }
    },
    {
      "quarter": "Q4 2016",
      "income status": {
        "Net sales": 177030,
        "Cost of goods sold": 74378,
        "Gross Profit": 102652,
        "Financial expenses": 5,
        "Of which: Interest expense": "N/A",
        "Cost of sales": 2007,
        "Enterprise cost management": 22792,
        "Total Operating Expenses": 24804,
        "Total revenue financing activities": 3334,
        "Net profit from business activities": 81183,
        "Profit": 20,
        "Profit before tax": 81203,
        "Present corporate income tax expenses": 16327,
        "Deferred income taxes expenses": 10,
        "The interests of minority shareholders": "N/A",
        "Total Cost of profits": 16337,
        "Profit after tax corporate income": 64866,
        "Volume": 26166940,
        "Close of Quarter": 82.9,
        "EPS": 10321,
        "Non-adjusted EPS": 10321,
        "PE": 8.0,
        "Book Price": 16.7
      }
    },
    {
      "quarter": "Q3 2016",
      "income status": {
        "Net sales": 162838,
        "Cost of goods sold": 74464,
        "Gross Profit": 88375,
        "Financial expenses": -34,
        "Of which: Interest expense": "N/A",
        "Cost of sales": 547,
        "Enterprise cost management": 12843,
        "Total Operating Expenses": 13356,
        "Total revenue financing activities": 3226,
        "Net profit from business activities": 78246,
        "Profit": 354,
        "Profit before tax": 78600,
        "Present corporate income tax expenses": 15782,
        "Deferred income taxes expenses": 9,
        "The interests of minority shareholders": "N/A",
        "Total Cost of profits": 15791,
        "Profit after tax corporate income": 62809,
        "Volume": 26166940,
        "Close of Quarter": 88.8,
        "EPS": 9984,
        "Non-adjusted EPS": 9984,
        "PE": 8.9,
        "Book Price": 18.2
      }
    },
    {
      "quarter": "Q2 2016",
      "income status": {
        "Net sales": 168274,
        "Cost of goods sold": 73167,
        "Gross Profit": 95107,
        "Financial expenses": 41,
        "Of which: Interest expense": "N/A",
        "Cost of sales": 1922,
        "Enterprise cost management": 13219,
        "Total Operating Expenses": 15182,
        "Total revenue financing activities": 2939,
        "Net profit from business activities": 82863,
        "Profit": 117,
        "Profit before tax": 82980,
        "Present corporate income tax expenses": 17155,
        "Deferred income taxes expenses": -7,
        "The interests of minority shareholders": "N/A",
        "Total Cost of profits": 17148,
        "Profit after tax corporate income": 65832,
        "Volume": 26166940,
        "Close of Quarter": 100.2,
        "EPS": 10415,
        "Non-adjusted EPS": 10415,
        "PE": 9.6,
        "Book Price": 15.8
      }
    },
    {
      "quarter": "Q1 2016",
      "income status": {
        "Net sales": 180717,
        "Cost of goods sold": 75138,
        "Gross Profit": 105579,
        "Financial expenses": 13,
        "Of which: Interest expense": "N/A",
        "Cost of sales": 469,
        "Enterprise cost management": 12529,
        "Total Operating Expenses": 13011,
        "Total revenue financing activities": 3099,
        "Net profit from business activities": 95667,
        "Profit": 41,
        "Profit before tax": 95707,
        "Present corporate income tax expenses": 19142,
        "Deferred income taxes expenses": -7,
        "The interests of minority shareholders": "N/A",
        "Total Cost of profits": 19135,
        "Profit after tax corporate income": 76572,
        "Volume": 26166940,
        "Close of Quarter": 110.8,
        "EPS": 11215,
        "Non-adjusted EPS": 11215,
        "PE": 9.9,
        "Book Price": 14.6
      }
    },
    {
      "quarter": "Q4 2015",
      "income status": {
        "Net sales": 196494,
        "Cost of goods sold": 98409,
        "Gross Profit": 98086,
        "Financial expenses": 16,
        "Of which: Interest expense": "N/A",
        "Cost of sales": 2919,
        "Enterprise cost management": 26454,
        "Total Operating Expenses": 29389,
        "Total revenue financing activities": 2681,
        "Net profit from business activities": 71378,
        "Profit": 1036,
        "Profit before tax": 72414,
        "Present corporate income tax expenses": 16395,
        "Deferred income taxes expenses": -14,
        "The interests of minority shareholders": "N/A",
        "Total Cost of profits": 16381,
        "Profit after tax corporate income": 56034,
        "Volume": 26166940,
        "Close of Quarter": 123.4,
        "EPS": 11866,
        "Non-adjusted EPS": 11866,
        "PE": 10.4,
        "Book Price": 16.6
      }
    },
    {
      "quarter": "Q3 2015",
      "income status": {
        "Net sales": 188985,
        "Cost of goods sold": 88195,
        "Gross Profit": 100789,
        "Financial expenses": 10,
        "Of which: Interest expense": "N/A",
        "Cost of sales": 1930,
        "Enterprise cost management": 11503,
        "Total Operating Expenses": 13443,
        "Total revenue financing activities": 6593,
        "Net profit from business activities": 93940,
        "Profit": 28,
        "Profit before tax": 93968,
        "Present corporate income tax expenses": 19887,
        "Deferred income taxes expenses": -13,
        "The interests of minority shareholders": "N/A",
        "Total Cost of profits": 19874,
        "Profit after tax corporate income": 74094,
        "Volume": 26166940,
        "Close of Quarter": 109.0,
        "EPS": 12090,
        "Non-adjusted EPS": 12090,
        "PE": 9.0,
        "Book Price": 14.5
      }
    },
    {
      "quarter": "Q2 2015",
      "income status": {
        "Net sales": 198538,
        "Cost of goods sold": 79996,
        "Gross Profit": 118542,
        "Financial expenses": 23,
        "Of which: Interest expense": "N/A",
        "Cost of sales": 731,
        "Enterprise cost management": 11420,
        "Total Operating Expenses": 12174,
        "Total revenue financing activities": 2538,
        "Net profit from business activities": 108906,
        "Profit": 2443,
        "Profit before tax": 111349,
        "Present corporate income tax expenses": 24551,
        "Deferred income taxes expenses": 24,
        "The interests of minority shareholders": "N/A",
        "Total Cost of profits": 24575,
        "Profit after tax corporate income": 86774,
        "Volume": 24920934,
        "Close of Quarter": 80.3,
        "EPS": 11901.0,
        "Non-adjusted EPS": 12496,
        "PE": 6.4,
        "Book Price": 16.7
      }
    },
    {
      "quarter": "Q1 2015",
      "income status": {
        "Net sales": 211735,
        "Cost of goods sold": 79204,
        "Gross Profit": 132531,
        "Financial expenses": 16,
        "Of which: Interest expense": "N/A",
        "Cost of sales": 662,
        "Enterprise cost management": 14112,
        "Total Operating Expenses": 14790,
        "Total revenue financing activities": 2249,
        "Net profit from business activities": 119991,
        "Profit": 11,
        "Profit before tax": 120002,
        "Present corporate income tax expenses": 26391,
        "Deferred income taxes expenses": 10,
        "The interests of minority shareholders": "N/A",
        "Total Cost of profits": 26401,
        "Profit after tax corporate income": 93601,
        "Volume": 24920934,
        "Close of Quarter": 76.3,
        "EPS": 10967.6,
        "Non-adjusted EPS": 11516,
        "PE": 6.6,
        "Book Price": 17.2
      }
    },
    {
      "quarter": "Q4 2014",
      "income status": {
        "Net sales": 189347,
        "Cost of goods sold": 97409,
        "Gross Profit": 91938,
        "Financial expenses": 7,
        "Of which: Interest expense": "N/A",
        "Cost of sales": 2284,
        "Enterprise cost management": 17168,
        "Total Operating Expenses": 19459,
        "Total revenue financing activities": 5498,
        "Net profit from business activities": 77976,
        "Profit": -135,
        "Profit before tax": 77842,
        "Present corporate income tax expenses": 15941,
        "Deferred income taxes expenses": "N/A",
        "The interests of minority shareholders": "N/A",
        "Total Cost of profits": 15941,
        "Profit after tax corporate income": 61901,
        "Volume": 24920934,
        "Close of Quarter": "N/A",
        "EPS": 10450.5,
        "Non-adjusted EPS": 10973,
        "PE": "N/A",
        "Book Price": 17.4
      }
    },
    {
      "quarter": "Q3 2014",
      "income status": {
        "Net sales": 171693,
        "Cost of goods sold": 77030,
        "Gross Profit": 94663,
        "Financial expenses": 2,
        "Of which: Interest expense": "N/A",
        "Cost of sales": 1267,
        "Enterprise cost management": 11599,
        "Total Operating Expenses": 12868,
        "Total revenue financing activities": 3938,
        "Net profit from business activities": 85732,
        "Profit": "N/A",
        "Profit before tax": 85733,
        "Present corporate income tax expenses": 16586,
        "Deferred income taxes expenses": "N/A",
        "The interests of minority shareholders": "N/A",
        "Total Cost of profits": 16586,
        "Profit after tax corporate income": 69146,
        "Volume": 24920934,
        "Close of Quarter": "N/A",
        "EPS": 10714.3,
        "Non-adjusted EPS": 11250,
        "PE": "N/A",
        "Book Price": 15.1
      }
    },
    {
      "quarter": "Q2 2014",
      "income status": {
        "Net sales": 148666,
        "Cost of goods sold": 63659,
        "Gross Profit": 85007,
        "Financial expenses": "N/A",
        "Of which: Interest expense": "N/A",
        "Cost of sales": 259,
        "Enterprise cost management": 12385,
        "Total Operating Expenses": 12644,
        "Total revenue financing activities": 5556,
        "Net profit from business activities": 77919,
        "Profit": 374,
        "Profit before tax": 78293,
        "Present corporate income tax expenses": 15963,
        "Deferred income taxes expenses": "N/A",
        "The interests of minority shareholders": "N/A",
        "Total Cost of profits": 15963,
        "Profit after tax corporate income": 62330,
        "Volume": 24920934,
        "Close of Quarter": "N/A",
        "EPS": 8072.4,
        "Non-adjusted EPS": 8476,
        "PE": "N/A",
        "Book Price": 16.1
      }
    },
    {
      "quarter": "Q1 2014",
      "income status": {
        "Net sales": 168396,
        "Cost of goods sold": 57375,
        "Gross Profit": 111021,
        "Financial expenses": 2,
        "Of which: Interest expense": "N/A",
        "Cost of sales": 1061,
        "Enterprise cost management": 12163,
        "Total Operating Expenses": 13226,
        "Total revenue financing activities": 2147,
        "Net profit from business activities": 99942,
        "Profit": 211,
        "Profit before tax": 100153,
        "Present corporate income tax expenses": 20078,
        "Deferred income taxes expenses": "N/A",
        "The interests of minority shareholders": "N/A",
        "Total Cost of profits": 20078,
        "Profit after tax corporate income": 80075,
        "Volume": 24920934,
        "Close of Quarter": "N/A",
        "EPS": 5690.5,
        "Non-adjusted EPS": 5975,
        "PE": "N/A",
        "Book Price": "N/A"
      }
    },
    {
      "quarter": "Q3 2013",
      "income status": {
        "Net sales": 144520,
        "Cost of goods sold": 55537,
        "Gross Profit": 88983,
        "Financial expenses": 2,
        "Of which: Interest expense": "N/A",
        "Cost of sales": 1431,
        "Enterprise cost management": 9865,
        "Total Operating Expenses": 11298,
        "Total revenue financing activities": 7679,
        "Net profit from business activities": 85365,
        "Profit": 1,
        "Profit before tax": 85365,
        "Present corporate income tax expenses": 16549,
        "Deferred income taxes expenses": "N/A",
        "The interests of minority shareholders": "N/A",
        "Total Cost of profits": 16549,
        "Profit after tax corporate income": 68816,
        "Volume": 24920934,
        "Close of Quarter": "N/A",
        "EPS": 2629.5,
        "Non-adjusted EPS": 2761,
        "PE": "N/A",
        "Book Price": "N/A"
      }
    }
  ]
}