{
  "ticker": "CKD",
  "data": [
    {
      "quarter": "Q1 2017",
      "income status": {
        "Net sales": 246983,
        "Cost of goods sold": 212793,
        "Gross Profit": 34190,
        "Financial expenses": 4262,
        "Of which: Interest expense": 3726,
        "Cost of sales": 8312,
        "Enterprise cost management": 13460,
        "Total Operating Expenses": 26034,
        "Total revenue financing activities": 96,
        "Net profit from business activities": 8252,
        "Profit": -64,
        "Profit before tax": 8188,
        "Present corporate income tax expenses": 1683,
        "Deferred income taxes expenses": "N/A",
        "The interests of minority shareholders": "N/A",
        "Total Cost of profits": 1683,
        "Profit after tax corporate income": 6505,
        "Volume": 31000000,
        "Close of Quarter": 16,
        "EPS": 2353,
        "Non-adjusted EPS": 2353,
        "PE": 6.8,
        "Book Price": 11.2
      }
    },
    {
      "quarter": "Q4 2016",
      "income status": {
        "Net sales": 360845,
        "Cost of goods sold": 335118,
        "Gross Profit": 25728,
        "Financial expenses": 5287,
        "Of which: Interest expense": 4537,
        "Cost of sales": 6733,
        "Enterprise cost management": 15079,
        "Total Operating Expenses": 27099,
        "Total revenue financing activities": 59316,
        "Net profit from business activities": 57945,
        "Profit": -18,
        "Profit before tax": 57927,
        "Present corporate income tax expenses": 277,
        "Deferred income taxes expenses": "N/A",
        "The interests of minority shareholders": "N/A",
        "Total Cost of profits": 277,
        "Profit after tax corporate income": 57650,
        "Volume": 31000000,
        "Close of Quarter": 13.7,
        "EPS": 2236,
        "Non-adjusted EPS": 2236,
        "PE": 6.1,
        "Book Price": 12.8
      }
    },
    {
      "quarter": "Q3 2016",
      "income status": {
        "Net sales": 241930,
        "Cost of goods sold": 213344,
        "Gross Profit": 28585,
        "Financial expenses": 6057,
        "Of which: Interest expense": 4558,
        "Cost of sales": 6281,
        "Enterprise cost management": 11640,
        "Total Operating Expenses": 23978,
        "Total revenue financing activities": 916,
        "Net profit from business activities": 5524,
        "Profit": -70,
        "Profit before tax": 5453,
        "Present corporate income tax expenses": 1097,
        "Deferred income taxes expenses": "N/A",
        "The interests of minority shareholders": "N/A",
        "Total Cost of profits": 1097,
        "Profit after tax corporate income": 4357,
        "Volume": 31000000,
        "Close of Quarter": 14,
        "EPS": 1932,
        "Non-adjusted EPS": 1932,
        "PE": 7.3,
        "Book Price": 10.9
      }
    },
    {
      "quarter": "Q2 2016",
      "income status": {
        "Net sales": 292950,
        "Cost of goods sold": 259825,
        "Gross Profit": 33126,
        "Financial expenses": 4590,
        "Of which: Interest expense": 4466,
        "Cost of sales": 7648,
        "Enterprise cost management": 15758,
        "Total Operating Expenses": 27996,
        "Total revenue financing activities": 770,
        "Net profit from business activities": 5900,
        "Profit": -157,
        "Profit before tax": 5743,
        "Present corporate income tax expenses": 1309,
        "Deferred income taxes expenses": "N/A",
        "The interests of minority shareholders": "N/A",
        "Total Cost of profits": 1309,
        "Profit after tax corporate income": 4434,
        "Volume": 31000000,
        "Close of Quarter": 10.2,
        "EPS": 1972,
        "Non-adjusted EPS": 1972,
        "PE": 5.2,
        "Book Price": 10.8
      }
    },
    {
      "quarter": "Q1 2016",
      "income status": {
        "Net sales": 215989,
        "Cost of goods sold": 190634,
        "Gross Profit": 25356,
        "Financial expenses": 4893,
        "Of which: Interest expense": 4891,
        "Cost of sales": 6730,
        "Enterprise cost management": 10636,
        "Total Operating Expenses": 22259,
        "Total revenue financing activities": 486,
        "Net profit from business activities": 3583,
        "Profit": "N/A",
        "Profit before tax": 3583,
        "Present corporate income tax expenses": 717,
        "Deferred income taxes expenses": "N/A",
        "The interests of minority shareholders": "N/A",
        "Total Cost of profits": 717,
        "Profit after tax corporate income": 2867,
        "Volume": 31000000,
        "Close of Quarter": 9.8,
        "EPS": 1537,
        "Non-adjusted EPS": 1537,
        "PE": 6.4,
        "Book Price": 10.6
      }
    },
    {
      "quarter": "Q4 2015",
      "income status": {
        "Net sales": 327475,
        "Cost of goods sold": 299355,
        "Gross Profit": 28120,
        "Financial expenses": 4095,
        "Of which: Interest expense": 3990,
        "Cost of sales": 6661,
        "Enterprise cost management": 24258,
        "Total Operating Expenses": 35014,
        "Total revenue financing activities": 54040,
        "Net profit from business activities": 47147,
        "Profit": -382,
        "Profit before tax": 46765,
        "Present corporate income tax expenses": -1466,
        "Deferred income taxes expenses": "N/A",
        "The interests of minority shareholders": "N/A",
        "Total Cost of profits": -1466,
        "Profit after tax corporate income": 48231,
        "Volume": 31000000,
        "Close of Quarter": 9.8,
        "EPS": 1851,
        "Non-adjusted EPS": 1851,
        "PE": 5.3,
        "Book Price": 12.1
      }
    },
    {
      "quarter": "Q3 2015",
      "income status": {
        "Net sales": 316078,
        "Cost of goods sold": 286493,
        "Gross Profit": 29585,
        "Financial expenses": 6800,
        "Of which: Interest expense": 4026,
        "Cost of sales": 6190,
        "Enterprise cost management": 10012,
        "Total Operating Expenses": 23002,
        "Total revenue financing activities": 253,
        "Net profit from business activities": 6835,
        "Profit": 331,
        "Profit before tax": 7166,
        "Present corporate income tax expenses": 1577,
        "Deferred income taxes expenses": "N/A",
        "The interests of minority shareholders": "N/A",
        "Total Cost of profits": 1577,
        "Profit after tax corporate income": 5590,
        "Volume": 31000000,
        "Close of Quarter": 9.2,
        "EPS": 432,
        "Non-adjusted EPS": 432,
        "PE": 21.3,
        "Book Price": 10.5
      }
    },
    {
      "quarter": "Q2 2015",
      "income status": {
        "Net sales": 221273,
        "Cost of goods sold": 195725,
        "Gross Profit": 25548,
        "Financial expenses": 5387,
        "Of which: Interest expense": 3484,
        "Cost of sales": 4420,
        "Enterprise cost management": 12294,
        "Total Operating Expenses": 22101,
        "Total revenue financing activities": -11695,
        "Net profit from business activities": -8248,
        "Profit": 132,
        "Profit before tax": -8116,
        "Present corporate income tax expenses": 922,
        "Deferred income taxes expenses": "N/A",
        "The interests of minority shareholders": "N/A",
        "Total Cost of profits": 922,
        "Profit after tax corporate income": -9038,
        "Volume": 31000000,
        "Close of Quarter": 8.7,
        "EPS": 293,
        "Non-adjusted EPS": 293,
        "PE": 29.6,
        "Book Price": 10.3
      }
    },
    {
      "quarter": "Q1 2015",
      "income status": {
        "Net sales": 205410,
        "Cost of goods sold": 182983,
        "Gross Profit": 22427,
        "Financial expenses": 3952,
        "Of which: Interest expense": 3750,
        "Cost of sales": 4632,
        "Enterprise cost management": 13482,
        "Total Operating Expenses": 22066,
        "Total revenue financing activities": 12380,
        "Net profit from business activities": 12741,
        "Profit": "N/A",
        "Profit before tax": 12741,
        "Present corporate income tax expenses": 156,
        "Deferred income taxes expenses": "N/A",
        "The interests of minority shareholders": "N/A",
        "Total Cost of profits": 156,
        "Profit after tax corporate income": 12585,
        "Volume": 31000000,
        "Close of Quarter": "N/A",
        "EPS": 584,
        "Non-adjusted EPS": 584,
        "PE": "N/A",
        "Book Price": 10.6
      }
    },
    {
      "quarter": "Q3 2014",
      "income status": {
        "Net sales": 278400,
        "Cost of goods sold": 254441,
        "Gross Profit": 23958,
        "Financial expenses": 4878,
        "Of which: Interest expense": 4831,
        "Cost of sales": 3831,
        "Enterprise cost management": 10767,
        "Total Operating Expenses": 19476,
        "Total revenue financing activities": 970,
        "Net profit from business activities": 5453,
        "Profit": -2,
        "Profit before tax": 5451,
        "Present corporate income tax expenses": 1199,
        "Deferred income taxes expenses": "N/A",
        "The interests of minority shareholders": "N/A",
        "Total Cost of profits": 1199,
        "Profit after tax corporate income": 4251,
        "Volume": 31000000,
        "Close of Quarter": "N/A",
        "EPS": 178,
        "Non-adjusted EPS": 178,
        "PE": "N/A",
        "Book Price": "N/A"
      }
    },
    {
      "quarter": "Q1 2014",
      "income status": {
        "Net sales": 239871,
        "Cost of goods sold": 218674,
        "Gross Profit": 21197,
        "Financial expenses": 5878,
        "Of which: Interest expense": 5869,
        "Cost of sales": 3000,
        "Enterprise cost management": 11020,
        "Total Operating Expenses": 19898,
        "Total revenue financing activities": 283,
        "Net profit from business activities": 1581,
        "Profit": 49,
        "Profit before tax": 1630,
        "Present corporate income tax expenses": 359,
        "Deferred income taxes expenses": "N/A",
        "The interests of minority shareholders": "N/A",
        "Total Cost of profits": 359,
        "Profit after tax corporate income": 1271,
        "Volume": 31000000,
        "Close of Quarter": "N/A",
        "EPS": 41,
        "Non-adjusted EPS": 41,
        "PE": "N/A",
        "Book Price": "N/A"
      }
    }
  ]
}