{
  "ticker": "MNC",
  "data": [
    {
      "quarter": "Q1 2017",
      "income status": {
        "Net sales": 187634,
        "Cost of goods sold": 157779,
        "Gross Profit": 29856,
        "Financial expenses": 13106,
        "Of which: Interest expense": 12922,
        "Cost of sales": 5510,
        "Enterprise cost management": 11094,
        "Total Operating Expenses": 29710,
        "Total revenue financing activities": 672,
        "Net profit from business activities": 818,
        "Profit": 2989,
        "Profit before tax": 3806,
        "Present corporate income tax expenses": 761,
        "Deferred income taxes expenses": "N/A",
        "The interests of minority shareholders": 1,
        "Total Cost of profits": 762,
        "Profit after tax corporate income": 3044,
        "Volume": 9279261,
        "Close of Quarter": 5.4,
        "EPS": 982,
        "Non-adjusted EPS": 982,
        "PE": 5.5,
        "Book Price": 12
      }
    },
    {
      "quarter": "Q4 2016",
      "income status": {
        "Net sales": 162411,
        "Cost of goods sold": 136623,
        "Gross Profit": 25788,
        "Financial expenses": 13357,
        "Of which: Interest expense": 13323,
        "Cost of sales": 9315,
        "Enterprise cost management": 9379,
        "Total Operating Expenses": 32051,
        "Total revenue financing activities": 1237,
        "Net profit from business activities": -5026,
        "Profit": 4964,
        "Profit before tax": -62,
        "Present corporate income tax expenses": -343,
        "Deferred income taxes expenses": "N/A",
        "The interests of minority shareholders": -3,
        "Total Cost of profits": -346,
        "Profit after tax corporate income": 285,
        "Volume": 9279261,
        "Close of Quarter": 5.2,
        "EPS": 985,
        "Non-adjusted EPS": 985,
        "PE": 5.3,
        "Book Price": 12.9
      }
    },
    {
      "quarter": "Q3 2016",
      "income status": {
        "Net sales": 179849,
        "Cost of goods sold": 149532,
        "Gross Profit": 30317,
        "Financial expenses": 11840,
        "Of which: Interest expense": 11835,
        "Cost of sales": 6746,
        "Enterprise cost management": 10425,
        "Total Operating Expenses": 29011,
        "Total revenue financing activities": 613,
        "Net profit from business activities": 1919,
        "Profit": -182,
        "Profit before tax": 1738,
        "Present corporate income tax expenses": 27,
        "Deferred income taxes expenses": "N/A",
        "The interests of minority shareholders": -1,
        "Total Cost of profits": 26,
        "Profit after tax corporate income": 1712,
        "Volume": 9279261,
        "Close of Quarter": 6.7,
        "EPS": 714,
        "Non-adjusted EPS": 714,
        "PE": 9.4,
        "Book Price": 12.9
      }
    },
    {
      "quarter": "Q2 2016",
      "income status": {
        "Net sales": 163569,
        "Cost of goods sold": 139265,
        "Gross Profit": 24304,
        "Financial expenses": 11865,
        "Of which: Interest expense": 11916,
        "Cost of sales": 2237,
        "Enterprise cost management": 9255,
        "Total Operating Expenses": 23357,
        "Total revenue financing activities": 304,
        "Net profit from business activities": 1251,
        "Profit": 4259,
        "Profit before tax": 5510,
        "Present corporate income tax expenses": 1936,
        "Deferred income taxes expenses": "N/A",
        "The interests of minority shareholders": -498,
        "Total Cost of profits": 1438,
        "Profit after tax corporate income": 4072,
        "Volume": 9279261,
        "Close of Quarter": 6.5,
        "EPS": 1442,
        "Non-adjusted EPS": 1442,
        "PE": 4.5,
        "Book Price": 12.7
      }
    },
    {
      "quarter": "Q1 2016",
      "income status": {
        "Net sales": 168550,
        "Cost of goods sold": 140334,
        "Gross Profit": 28216,
        "Financial expenses": 11364,
        "Of which: Interest expense": 11124,
        "Cost of sales": 6524,
        "Enterprise cost management": 9121,
        "Total Operating Expenses": 27009,
        "Total revenue financing activities": 751,
        "Net profit from business activities": 1957,
        "Profit": 1966,
        "Profit before tax": 3924,
        "Present corporate income tax expenses": 785,
        "Deferred income taxes expenses": "N/A",
        "The interests of minority shareholders": 69,
        "Total Cost of profits": 854,
        "Profit after tax corporate income": 3070,
        "Volume": 9279261,
        "Close of Quarter": 6.2,
        "EPS": 1326,
        "Non-adjusted EPS": 1326,
        "PE": 4.6,
        "Book Price": 12.8
      }
    },
    {
      "quarter": "Q4 2015",
      "income status": {
        "Net sales": 131141,
        "Cost of goods sold": 108670,
        "Gross Profit": 22472,
        "Financial expenses": 7008,
        "Of which: Interest expense": 5673,
        "Cost of sales": 8158,
        "Enterprise cost management": 11924,
        "Total Operating Expenses": 27090,
        "Total revenue financing activities": 222,
        "Net profit from business activities": -4397,
        "Profit": 2109,
        "Profit before tax": -2287,
        "Present corporate income tax expenses": 159,
        "Deferred income taxes expenses": 53,
        "The interests of minority shareholders": -272,
        "Total Cost of profits": -60,
        "Profit after tax corporate income": -2227,
        "Volume": 9279261,
        "Close of Quarter": 7.9,
        "EPS": 1571,
        "Non-adjusted EPS": 1571,
        "PE": 5.0,
        "Book Price": 13.8
      }
    },
    {
      "quarter": "Q3 2015",
      "income status": {
        "Net sales": 148989,
        "Cost of goods sold": 123105,
        "Gross Profit": 25884,
        "Financial expenses": 10282,
        "Of which: Interest expense": 9424,
        "Cost of sales": 4540,
        "Enterprise cost management": 8085,
        "Total Operating Expenses": 22907,
        "Total revenue financing activities": 986,
        "Net profit from business activities": 3963,
        "Profit": 5933,
        "Profit before tax": 9896,
        "Present corporate income tax expenses": 1410,
        "Deferred income taxes expenses": "N/A",
        "The interests of minority shareholders": 24,
        "Total Cost of profits": 1434,
        "Profit after tax corporate income": 8462,
        "Volume": 9279261,
        "Close of Quarter": 7.4,
        "EPS": 1923,
        "Non-adjusted EPS": 1923,
        "PE": 3.8,
        "Book Price": 14
      }
    },
    {
      "quarter": "Q2 2015",
      "income status": {
        "Net sales": 138745,
        "Cost of goods sold": 114585,
        "Gross Profit": 24160,
        "Financial expenses": 9662,
        "Of which: Interest expense": 9689,
        "Cost of sales": 4430,
        "Enterprise cost management": 8865,
        "Total Operating Expenses": 22957,
        "Total revenue financing activities": 627,
        "Net profit from business activities": 1829,
        "Profit": 443,
        "Profit before tax": 2272,
        "Present corporate income tax expenses": -254,
        "Deferred income taxes expenses": -434,
        "The interests of minority shareholders": -39,
        "Total Cost of profits": -727,
        "Profit after tax corporate income": 2999,
        "Volume": 9279261,
        "Close of Quarter": 7.4,
        "EPS": 1493,
        "Non-adjusted EPS": 1493,
        "PE": 4.9,
        "Book Price": 13.3
      }
    },
    {
      "quarter": "Q1 2015",
      "income status": {
        "Net sales": 135743,
        "Cost of goods sold": 112718,
        "Gross Profit": 23025,
        "Financial expenses": 9496,
        "Of which: Interest expense": 9368,
        "Cost of sales": 5008,
        "Enterprise cost management": 8305,
        "Total Operating Expenses": 22809,
        "Total revenue financing activities": 777,
        "Net profit from business activities": 994,
        "Profit": 6082,
        "Profit before tax": 7076,
        "Present corporate income tax expenses": 1687,
        "Deferred income taxes expenses": "N/A",
        "The interests of minority shareholders": 46,
        "Total Cost of profits": 1733,
        "Profit after tax corporate income": 5343,
        "Volume": 9279261,
        "Close of Quarter": 8.9,
        "EPS": 1790,
        "Non-adjusted EPS": 1790,
        "PE": 5.0,
        "Book Price": 13.2
      }
    },
    {
      "quarter": "Q4 2014",
      "income status": {
        "Net sales": 99029,
        "Cost of goods sold": 86293,
        "Gross Profit": 12737,
        "Financial expenses": 8514,
        "Of which: Interest expense": 8564,
        "Cost of sales": 3623,
        "Enterprise cost management": 5753,
        "Total Operating Expenses": 17890,
        "Total revenue financing activities": 801,
        "Net profit from business activities": -4352,
        "Profit": 5963,
        "Profit before tax": 1611,
        "Present corporate income tax expenses": 718,
        "Deferred income taxes expenses": "N/A",
        "The interests of minority shareholders": -147,
        "Total Cost of profits": 571,
        "Profit after tax corporate income": 1040,
        "Volume": 8069307,
        "Close of Quarter": 10.3,
        "EPS": 1632.3,
        "Non-adjusted EPS": 1877,
        "PE": 5.5,
        "Book Price": 12.9
      }
    },
    {
      "quarter": "Q3 2014",
      "income status": {
        "Net sales": 129879,
        "Cost of goods sold": 106123,
        "Gross Profit": 23756,
        "Financial expenses": 8961,
        "Of which: Interest expense": 8534,
        "Cost of sales": 4558,
        "Enterprise cost management": 6421,
        "Total Operating Expenses": 19940,
        "Total revenue financing activities": 240,
        "Net profit from business activities": 4055,
        "Profit": 1740,
        "Profit before tax": 5795,
        "Present corporate income tax expenses": 1158,
        "Deferred income taxes expenses": "N/A",
        "The interests of minority shareholders": 164,
        "Total Cost of profits": 1322,
        "Profit after tax corporate income": 4474,
        "Volume": 8069307,
        "Close of Quarter": 9.7,
        "EPS": 2307.9,
        "Non-adjusted EPS": 2654,
        "PE": 3.7,
        "Book Price": 13.2
      }
    },
    {
      "quarter": "Q2 2014",
      "income status": {
        "Net sales": 127544,
        "Cost of goods sold": 100650,
        "Gross Profit": 26894,
        "Financial expenses": 8391,
        "Of which: Interest expense": 8345,
        "Cost of sales": 3787,
        "Enterprise cost management": 9899,
        "Total Operating Expenses": 22077,
        "Total revenue financing activities": 269,
        "Net profit from business activities": 5085,
        "Profit": 2394,
        "Profit before tax": 7479,
        "Present corporate income tax expenses": 1496,
        "Deferred income taxes expenses": "N/A",
        "The interests of minority shareholders": 230,
        "Total Cost of profits": 1726,
        "Profit after tax corporate income": 5754,
        "Volume": 8069307,
        "Close of Quarter": 7.8,
        "EPS": 2191.4,
        "Non-adjusted EPS": 2520,
        "PE": 3.1,
        "Book Price": 12.6
      }
    },
    {
      "quarter": "Q1 2014",
      "income status": {
        "Net sales": 105361,
        "Cost of goods sold": 81222,
        "Gross Profit": 24139,
        "Financial expenses": 7034,
        "Of which: Interest expense": 6972,
        "Cost of sales": 3742,
        "Enterprise cost management": 7484,
        "Total Operating Expenses": 18260,
        "Total revenue financing activities": 298,
        "Net profit from business activities": 6176,
        "Profit": -892,
        "Profit before tax": 5284,
        "Present corporate income tax expenses": 1237,
        "Deferred income taxes expenses": "N/A",
        "The interests of minority shareholders": 165,
        "Total Cost of profits": 1402,
        "Profit after tax corporate income": 3882,
        "Volume": 8069307,
        "Close of Quarter": 9.1,
        "EPS": 2049.7,
        "Non-adjusted EPS": 2357,
        "PE": 3.8,
        "Book Price": 12.2
      }
    },
    {
      "quarter": "Q4 2013",
      "income status": {
        "Net sales": 85648,
        "Cost of goods sold": 68713,
        "Gross Profit": 16935,
        "Financial expenses": 5931,
        "Of which: Interest expense": 5253,
        "Cost of sales": 3724,
        "Enterprise cost management": 8069,
        "Total Operating Expenses": 17724,
        "Total revenue financing activities": 369,
        "Net profit from business activities": -420,
        "Profit": 10663,
        "Profit before tax": 10243,
        "Present corporate income tax expenses": 2755,
        "Deferred income taxes expenses": "N/A",
        "The interests of minority shareholders": 180,
        "Total Cost of profits": 2935,
        "Profit after tax corporate income": 7308,
        "Volume": 8069307,
        "Close of Quarter": 7.0,
        "EPS": 2046.2,
        "Non-adjusted EPS": 2353,
        "PE": 3.0,
        "Book Price": 11.9
      }
    },
    {
      "quarter": "Q3 2013",
      "income status": {
        "Net sales": 106027,
        "Cost of goods sold": 83924,
        "Gross Profit": 22103,
        "Financial expenses": 6455,
        "Of which: Interest expense": 6266,
        "Cost of sales": 4317,
        "Enterprise cost management": 8837,
        "Total Operating Expenses": 19609,
        "Total revenue financing activities": 811,
        "Net profit from business activities": 3305,
        "Profit": 756,
        "Profit before tax": 4062,
        "Present corporate income tax expenses": 386,
        "Deferred income taxes expenses": "N/A",
        "The interests of minority shareholders": 289,
        "Total Cost of profits": 675,
        "Profit after tax corporate income": 3387,
        "Volume": 8069307,
        "Close of Quarter": 4.9,
        "EPS": 1458.3,
        "Non-adjusted EPS": 1677,
        "PE": 2.9,
        "Book Price": 11.1
      }
    },
    {
      "quarter": "Q2 2013",
      "income status": {
        "Net sales": 102942,
        "Cost of goods sold": 77969,
        "Gross Profit": 24973,
        "Financial expenses": 7192,
        "Of which: Interest expense": 7022,
        "Cost of sales": 2918,
        "Enterprise cost management": 8896,
        "Total Operating Expenses": 19006,
        "Total revenue financing activities": 97,
        "Net profit from business activities": 6064,
        "Profit": 796,
        "Profit before tax": 6860,
        "Present corporate income tax expenses": 2200,
        "Deferred income taxes expenses": "N/A",
        "The interests of minority shareholders": 215,
        "Total Cost of profits": 2415,
        "Profit after tax corporate income": 4444,
        "Volume": 7017130,
        "Close of Quarter": 2.9,
        "EPS": 1284.8,
        "Non-adjusted EPS": 1699,
        "PE": 1.7,
        "Book Price": 10.7
      }
    },
    {
      "quarter": "Q1 2013",
      "income status": {
        "Net sales": 108777,
        "Cost of goods sold": 84624,
        "Gross Profit": 24154,
        "Financial expenses": 7796,
        "Of which: Interest expense": 7750,
        "Cost of sales": 3635,
        "Enterprise cost management": 8335,
        "Total Operating Expenses": 19766,
        "Total revenue financing activities": 374,
        "Net profit from business activities": 4761,
        "Profit": -48,
        "Profit before tax": 4713,
        "Present corporate income tax expenses": 949,
        "Deferred income taxes expenses": "N/A",
        "The interests of minority shareholders": -86,
        "Total Cost of profits": 863,
        "Profit after tax corporate income": 3851,
        "Volume": 7017130,
        "Close of Quarter": 1.9,
        "EPS": 1011.1,
        "Non-adjusted EPS": 1337,
        "PE": 1.4,
        "Book Price": 10.7
      }
    },
    {
      "quarter": "Q4 2012",
      "income status": {
        "Net sales": 86656,
        "Cost of goods sold": 70045,
        "Gross Profit": 16611,
        "Financial expenses": 8716,
        "Of which: Interest expense": 8716,
        "Cost of sales": 3393,
        "Enterprise cost management": 7444,
        "Total Operating Expenses": 19553,
        "Total revenue financing activities": 1485,
        "Net profit from business activities": -1457,
        "Profit": 3231,
        "Profit before tax": 1774,
        "Present corporate income tax expenses": 382,
        "Deferred income taxes expenses": "N/A",
        "The interests of minority shareholders": -455,
        "Total Cost of profits": -73,
        "Profit after tax corporate income": 1848,
        "Volume": 7017130,
        "Close of Quarter": 1.8,
        "EPS": 788.7,
        "Non-adjusted EPS": 1043,
        "PE": 1.7,
        "Book Price": 10.7
      }
    },
    {
      "quarter": "Q3 2012",
      "income status": {
        "Net sales": 101979,
        "Cost of goods sold": 80875,
        "Gross Profit": 21104,
        "Financial expenses": 8545,
        "Of which: Interest expense": 8545,
        "Cost of sales": 3169,
        "Enterprise cost management": 8061,
        "Total Operating Expenses": 19775,
        "Total revenue financing activities": 103,
        "Net profit from business activities": 1431,
        "Profit": 921,
        "Profit before tax": 2352,
        "Present corporate income tax expenses": 615,
        "Deferred income taxes expenses": "N/A",
        "The interests of minority shareholders": -38,
        "Total Cost of profits": 577,
        "Profit after tax corporate income": 1776,
        "Volume": 7017130,
        "Close of Quarter": 1.8,
        "EPS": 636.7,
        "Non-adjusted EPS": 842,
        "PE": 2.1,
        "Book Price": 10.5
      }
    },
    {
      "quarter": "Q2 2012",
      "income status": {
        "Net sales": 95916,
        "Cost of goods sold": 74416,
        "Gross Profit": 21499,
        "Financial expenses": 10415,
        "Of which: Interest expense": 10389,
        "Cost of sales": 2841,
        "Enterprise cost management": 7015,
        "Total Operating Expenses": 20271,
        "Total revenue financing activities": 905,
        "Net profit from business activities": 2134,
        "Profit": 701,
        "Profit before tax": 2835,
        "Present corporate income tax expenses": 1118,
        "Deferred income taxes expenses": "N/A",
        "The interests of minority shareholders": -190,
        "Total Cost of profits": 928,
        "Profit after tax corporate income": 1907,
        "Volume": 7017130,
        "Close of Quarter": 2.5,
        "EPS": 695.7,
        "Non-adjusted EPS": 920,
        "PE": 2.7,
        "Book Price": 10.4
      }
    },
    {
      "quarter": "Q1 2012",
      "income status": {
        "Net sales": 95414,
        "Cost of goods sold": 73695,
        "Gross Profit": 21719,
        "Financial expenses": 10462,
        "Of which: Interest expense": 10462,
        "Cost of sales": 3344,
        "Enterprise cost management": 7997,
        "Total Operating Expenses": 21803,
        "Total revenue financing activities": 1862,
        "Net profit from business activities": 1778,
        "Profit": 619,
        "Profit before tax": 2397,
        "Present corporate income tax expenses": 546,
        "Deferred income taxes expenses": "N/A",
        "The interests of minority shareholders": 61,
        "Total Cost of profits": 607,
        "Profit after tax corporate income": 1790,
        "Volume": 7017130,
        "Close of Quarter": 2.7,
        "EPS": 771.3,
        "Non-adjusted EPS": 1020,
        "PE": 2.6,
        "Book Price": 10.6
      }
    },
    {
      "quarter": "Q4 2011",
      "income status": {
        "Net sales": 82744,
        "Cost of goods sold": 67503,
        "Gross Profit": 15241,
        "Financial expenses": 7902,
        "Of which: Interest expense": 7902,
        "Cost of sales": 3378,
        "Enterprise cost management": 5792,
        "Total Operating Expenses": 17072,
        "Total revenue financing activities": 1623,
        "Net profit from business activities": -207,
        "Profit": 1115,
        "Profit before tax": 907,
        "Present corporate income tax expenses": 456,
        "Deferred income taxes expenses": "N/A",
        "The interests of minority shareholders": 19,
        "Total Cost of profits": 475,
        "Profit after tax corporate income": 433,
        "Volume": 7017130,
        "Close of Quarter": 2.3,
        "EPS": 820.5,
        "Non-adjusted EPS": 1085,
        "PE": 2.1,
        "Book Price": 10.4
      }
    },
    {
      "quarter": "Q3 2011",
      "income status": {
        "Net sales": 96978,
        "Cost of goods sold": 74228,
        "Gross Profit": 22750,
        "Financial expenses": 10803,
        "Of which: Interest expense": 10803,
        "Cost of sales": 3192,
        "Enterprise cost management": 7525,
        "Total Operating Expenses": 21520,
        "Total revenue financing activities": 1760,
        "Net profit from business activities": 2989,
        "Profit": 351,
        "Profit before tax": 10451,
        "Present corporate income tax expenses": 870,
        "Deferred income taxes expenses": "N/A",
        "The interests of minority shareholders": 144,
        "Total Cost of profits": 1014,
        "Profit after tax corporate income": 2326,
        "Volume": 7017130,
        "Close of Quarter": 2.2,
        "EPS": 967.2,
        "Non-adjusted EPS": 1279,
        "PE": 1.7,
        "Book Price": 10.5
      }
    },
    {
      "quarter": "Q2 2011",
      "income status": {
        "Net sales": 86952,
        "Cost of goods sold": 64947,
        "Gross Profit": 22005,
        "Financial expenses": 10427,
        "Of which: Interest expense": 9906,
        "Cost of sales": 3027,
        "Enterprise cost management": 7312,
        "Total Operating Expenses": 20766,
        "Total revenue financing activities": 1883,
        "Net profit from business activities": 3122,
        "Profit": 524,
        "Profit before tax": 3647,
        "Present corporate income tax expenses": 851,
        "Deferred income taxes expenses": "N/A",
        "The interests of minority shareholders": 187,
        "Total Cost of profits": 1038,
        "Profit after tax corporate income": 2609,
        "Volume": 7017130,
        "Close of Quarter": 2.1,
        "EPS": 1150.2,
        "Non-adjusted EPS": 1521,
        "PE": 1.4,
        "Book Price": 10.2
      }
    },
    {
      "quarter": "Q1 2011",
      "income status": {
        "Net sales": 85355,
        "Cost of goods sold": 65003,
        "Gross Profit": 20352,
        "Financial expenses": 9073,
        "Of which: Interest expense": 9008,
        "Cost of sales": 3423,
        "Enterprise cost management": 6489,
        "Total Operating Expenses": 18985,
        "Total revenue financing activities": 1669,
        "Net profit from business activities": 3035,
        "Profit": 356,
        "Profit before tax": 3391,
        "Present corporate income tax expenses": 1002,
        "Deferred income taxes expenses": "N/A",
        "The interests of minority shareholders": 140,
        "Total Cost of profits": 1142,
        "Profit after tax corporate income": 2249,
        "Volume": 7017130,
        "Close of Quarter": 2.8,
        "EPS": 1160.0,
        "Non-adjusted EPS": 1534,
        "PE": 1.8,
        "Book Price": 10.4
      }
    },
    {
      "quarter": "Q4 2010",
      "income status": {
        "Net sales": 67316,
        "Cost of goods sold": 53358,
        "Gross Profit": 13958,
        "Financial expenses": 7771,
        "Of which: Interest expense": 7771,
        "Cost of sales": 2550,
        "Enterprise cost management": 4716,
        "Total Operating Expenses": 15037,
        "Total revenue financing activities": 2320,
        "Net profit from business activities": 1242,
        "Profit": 1562,
        "Profit before tax": 2804,
        "Present corporate income tax expenses": 969,
        "Deferred income taxes expenses": "N/A",
        "The interests of minority shareholders": 46,
        "Total Cost of profits": 1015,
        "Profit after tax corporate income": 1788,
        "Volume": 7017130,
        "Close of Quarter": 4.6,
        "EPS": 1120.7,
        "Non-adjusted EPS": 1482,
        "PE": 3.1,
        "Book Price": 10.2
      }
    },
    {
      "quarter": "Q3 2010",
      "income status": {
        "Net sales": 79109,
        "Cost of goods sold": 59037,
        "Gross Profit": 20071,
        "Financial expenses": 7431,
        "Of which: Interest expense": 7431,
        "Cost of sales": 2922,
        "Enterprise cost management": 6275,
        "Total Operating Expenses": 16628,
        "Total revenue financing activities": 1525,
        "Net profit from business activities": 4968,
        "Profit": 492,
        "Profit before tax": 5460,
        "Present corporate income tax expenses": 1419,
        "Deferred income taxes expenses": 1,
        "The interests of minority shareholders": 11,
        "Total Cost of profits": 1431,
        "Profit after tax corporate income": 4029,
        "Volume": 7017130,
        "Close of Quarter": "N/A",
        "EPS": 1192.6,
        "Non-adjusted EPS": 1577,
        "PE": "N/A",
        "Book Price": 10.1
      }
    },
    {
      "quarter": "Q2 2010",
      "income status": {
        "Net sales": 71273,
        "Cost of goods sold": 55285,
        "Gross Profit": 15988,
        "Financial expenses": 6138,
        "Of which: Interest expense": 6368,
        "Cost of sales": 2732,
        "Enterprise cost management": 5996,
        "Total Operating Expenses": 14866,
        "Total revenue financing activities": 1514,
        "Net profit from business activities": 2636,
        "Profit": 974,
        "Profit before tax": 3610,
        "Present corporate income tax expenses": 846,
        "Deferred income taxes expenses": -1,
        "The interests of minority shareholders": 64,
        "Total Cost of profits": 909,
        "Profit after tax corporate income": 2701,
        "Volume": 7017130,
        "Close of Quarter": "N/A",
        "EPS": 758.5,
        "Non-adjusted EPS": 1003,
        "PE": "N/A",
        "Book Price": 9.6
      }
    },
    {
      "quarter": "Q1 2010",
      "income status": {
        "Net sales": 61586,
        "Cost of goods sold": 46676,
        "Gross Profit": 14909,
        "Financial expenses": 5229,
        "Of which: Interest expense": 4922,
        "Cost of sales": 2497,
        "Enterprise cost management": 6462,
        "Total Operating Expenses": 14188,
        "Total revenue financing activities": 1510,
        "Net profit from business activities": 2230,
        "Profit": 352,
        "Profit before tax": 2582,
        "Present corporate income tax expenses": 706,
        "Deferred income taxes expenses": "N/A",
        "The interests of minority shareholders": -7,
        "Total Cost of profits": 699,
        "Profit after tax corporate income": 1883,
        "Volume": 7017130,
        "Close of Quarter": "N/A",
        "EPS": 467.3,
        "Non-adjusted EPS": 618,
        "PE": "N/A",
        "Book Price": "N/A"
      }
    },
    {
      "quarter": "Q4 2009",
      "income status": {
        "Net sales": 44718,
        "Cost of goods sold": 33468,
        "Gross Profit": 11250,
        "Financial expenses": 4126,
        "Of which: Interest expense": 4126,
        "Cost of sales": 2317,
        "Enterprise cost management": 4652,
        "Total Operating Expenses": 11095,
        "Total revenue financing activities": 5673,
        "Net profit from business activities": 5827,
        "Profit": -2030,
        "Profit before tax": 3798,
        "Present corporate income tax expenses": 1287,
        "Deferred income taxes expenses": "N/A",
        "The interests of minority shareholders": 56,
        "Total Cost of profits": 1343,
        "Profit after tax corporate income": 2455,
        "Volume": 7017130,
        "Close of Quarter": "N/A",
        "EPS": 264.7,
        "Non-adjusted EPS": 350,
        "PE": "N/A",
        "Book Price": 9.5
      }
    }
  ]
}