{
  "ticker": "BTP",
  "data": [
    {
      "quarter": "Q1 2017",
      "income status": {
        "Net sales": 168655,
        "Cost of goods sold": 170324,
        "Gross Profit": -1669,
        "Financial expenses": 43528,
        "Of which: Interest expense": 3396,
        "Cost of sales": 9,
        "Enterprise cost management": 6144,
        "Total Operating Expenses": 49681,
        "Total revenue financing activities": 5547,
        "Net profit from business activities": -45803,
        "Profit": -3,
        "Profit before tax": -45806,
        "Present corporate income tax expenses": "N/A",
        "Deferred income taxes expenses": "N/A",
        "The interests of minority shareholders": "N/A",
        "Total Cost of profits": 0,
        "Profit after tax corporate income": -45806,
        "Volume": 59285600,
        "Close of Quarter": 13.6,
        "EPS": 1536,
        "Non-adjusted EPS": 1536,
        "PE": 8.8,
        "Book Price": 17.9
      }
    },
    {
      "quarter": "Q4 2016",
      "income status": {
        "Net sales": 419944,
        "Cost of goods sold": 381041,
        "Gross Profit": 38904,
        "Financial expenses": 3041,
        "Of which: Interest expense": 3041,
        "Cost of sales": 10,
        "Enterprise cost management": 11807,
        "Total Operating Expenses": 14858,
        "Total revenue financing activities": 66351,
        "Net profit from business activities": 90396,
        "Profit": 305,
        "Profit before tax": 90702,
        "Present corporate income tax expenses": 19823,
        "Deferred income taxes expenses": -2735,
        "The interests of minority shareholders": "N/A",
        "Total Cost of profits": 17088,
        "Profit after tax corporate income": 73614,
        "Volume": 59285600,
        "Close of Quarter": 13.5,
        "EPS": 1992,
        "Non-adjusted EPS": 1992,
        "PE": 6.8,
        "Book Price": 18.6
      }
    },
    {
      "quarter": "Q3 2016",
      "income status": {
        "Net sales": 459211,
        "Cost of goods sold": 428912,
        "Gross Profit": 30299,
        "Financial expenses": 30084,
        "Of which: Interest expense": 3646,
        "Cost of sales": 12,
        "Enterprise cost management": 5597,
        "Total Operating Expenses": 35693,
        "Total revenue financing activities": 5772,
        "Net profit from business activities": 378,
        "Profit": 33,
        "Profit before tax": 410,
        "Present corporate income tax expenses": 92,
        "Deferred income taxes expenses": "N/A",
        "The interests of minority shareholders": "N/A",
        "Total Cost of profits": 92,
        "Profit after tax corporate income": 318,
        "Volume": 59285600,
        "Close of Quarter": 13.9,
        "EPS": 2648,
        "Non-adjusted EPS": 2648,
        "PE": 5.3,
        "Book Price": 17.4
      }
    },
    {
      "quarter": "Q2 2016",
      "income status": {
        "Net sales": 399366,
        "Cost of goods sold": 369194,
        "Gross Profit": 30172,
        "Financial expenses": 3189,
        "Of which: Interest expense": 3189,
        "Cost of sales": 13,
        "Enterprise cost management": 6540,
        "Total Operating Expenses": 9742,
        "Total revenue financing activities": 55075,
        "Net profit from business activities": 75505,
        "Profit": -1315,
        "Profit before tax": 74190,
        "Present corporate income tax expenses": 11258,
        "Deferred income taxes expenses": "N/A",
        "The interests of minority shareholders": "N/A",
        "Total Cost of profits": 11258,
        "Profit after tax corporate income": 62931,
        "Volume": 59285600,
        "Close of Quarter": 15.2,
        "EPS": 3455,
        "Non-adjusted EPS": 3455,
        "PE": 4.4,
        "Book Price": 17.4
      }
    },
    {
      "quarter": "Q1 2016",
      "income status": {
        "Net sales": 389450,
        "Cost of goods sold": 357384,
        "Gross Profit": 32066,
        "Financial expenses": 49540,
        "Of which: Interest expense": 3660,
        "Cost of sales": 11,
        "Enterprise cost management": 4893,
        "Total Operating Expenses": 54444,
        "Total revenue financing activities": 4173,
        "Net profit from business activities": -18205,
        "Profit": -547,
        "Profit before tax": -18752,
        "Present corporate income tax expenses": "N/A",
        "Deferred income taxes expenses": "N/A",
        "The interests of minority shareholders": "N/A",
        "Total Cost of profits": 0,
        "Profit after tax corporate income": -18752,
        "Volume": 59285600,
        "Close of Quarter": 15.7,
        "EPS": 3706,
        "Non-adjusted EPS": 3706,
        "PE": 4.2,
        "Book Price": 17.6
      }
    },
    {
      "quarter": "Q4 2015",
      "income status": {
        "Net sales": 510756,
        "Cost of goods sold": 372988,
        "Gross Profit": 137767,
        "Financial expenses": 13637,
        "Of which: Interest expense": 3704,
        "Cost of sales": 33,
        "Enterprise cost management": 12336,
        "Total Operating Expenses": 26006,
        "Total revenue financing activities": 30367,
        "Net profit from business activities": 142129,
        "Profit": 162,
        "Profit before tax": 142291,
        "Present corporate income tax expenses": 40805,
        "Deferred income taxes expenses": -10987,
        "The interests of minority shareholders": "N/A",
        "Total Cost of profits": 29818,
        "Profit after tax corporate income": 112472,
        "Volume": 59285600,
        "Close of Quarter": 10.3,
        "EPS": 1950,
        "Non-adjusted EPS": 1950,
        "PE": 5.3,
        "Book Price": 18.2
      }
    },
    {
      "quarter": "Q3 2015",
      "income status": {
        "Net sales": 469379,
        "Cost of goods sold": 450345,
        "Gross Profit": 19034,
        "Financial expenses": 3578,
        "Of which: Interest expense": 3578,
        "Cost of sales": 34,
        "Enterprise cost management": 5427,
        "Total Operating Expenses": 9039,
        "Total revenue financing activities": 38119,
        "Net profit from business activities": 48114,
        "Profit": 38,
        "Profit before tax": 48152,
        "Present corporate income tax expenses": "N/A",
        "Deferred income taxes expenses": "N/A",
        "The interests of minority shareholders": "N/A",
        "Total Cost of profits": 0,
        "Profit after tax corporate income": 48152,
        "Volume": 59285600,
        "Close of Quarter": 10.1,
        "EPS": 844,
        "Non-adjusted EPS": 844,
        "PE": 12.0,
        "Book Price": 16.3
      }
    },
    {
      "quarter": "Q2 2015",
      "income status": {
        "Net sales": 432960,
        "Cost of goods sold": 425738,
        "Gross Profit": 7222,
        "Financial expenses": 3853,
        "Of which: Interest expense": 3853,
        "Cost of sales": 53,
        "Enterprise cost management": 5786,
        "Total Operating Expenses": 9692,
        "Total revenue financing activities": 80257,
        "Net profit from business activities": 77787,
        "Profit": 50,
        "Profit before tax": 77837,
        "Present corporate income tax expenses": "N/A",
        "Deferred income taxes expenses": "N/A",
        "The interests of minority shareholders": "N/A",
        "Total Cost of profits": 0,
        "Profit after tax corporate income": 77837,
        "Volume": 59285600,
        "Close of Quarter": 12.7,
        "EPS": 1109,
        "Non-adjusted EPS": 1109,
        "PE": 11.4,
        "Book Price": 15.5
      }
    },
    {
      "quarter": "Q1 2015",
      "income status": {
        "Net sales": 418449,
        "Cost of goods sold": 408935,
        "Gross Profit": 9515,
        "Financial expenses": 129859,
        "Of which: Interest expense": 4121,
        "Cost of sales": 67,
        "Enterprise cost management": 5576,
        "Total Operating Expenses": 135502,
        "Total revenue financing activities": 3052,
        "Net profit from business activities": -122935,
        "Profit": 59,
        "Profit before tax": -122877,
        "Present corporate income tax expenses": "N/A",
        "Deferred income taxes expenses": "N/A",
        "The interests of minority shareholders": "N/A",
        "Total Cost of profits": 0,
        "Profit after tax corporate income": -122877,
        "Volume": 59285600,
        "Close of Quarter": 14.1,
        "EPS": -305,
        "Non-adjusted EPS": -305,
        "PE": -46.1,
        "Book Price": 15.4
      }
    },
    {
      "quarter": "Q4 2014",
      "income status": {
        "Net sales": 566152,
        "Cost of goods sold": 548547,
        "Gross Profit": 17605,
        "Financial expenses": 5797,
        "Of which: Interest expense": 4158,
        "Cost of sales": 66,
        "Enterprise cost management": 19754,
        "Total Operating Expenses": 25617,
        "Total revenue financing activities": 72491,
        "Net profit from business activities": 64479,
        "Profit": 479,
        "Profit before tax": 64958,
        "Present corporate income tax expenses": 18023,
        "Deferred income taxes expenses": "N/A",
        "The interests of minority shareholders": "N/A",
        "Total Cost of profits": 18023,
        "Profit after tax corporate income": 46935,
        "Volume": 59285600,
        "Close of Quarter": 12.8,
        "EPS": 2498,
        "Non-adjusted EPS": 2498,
        "PE": 5.1,
        "Book Price": 17.8
      }
    },
    {
      "quarter": "Q3 2014",
      "income status": {
        "Net sales": 218219,
        "Cost of goods sold": 189124,
        "Gross Profit": 29095,
        "Financial expenses": 5103,
        "Of which: Interest expense": 5103,
        "Cost of sales": 60,
        "Enterprise cost management": 5437,
        "Total Operating Expenses": 10600,
        "Total revenue financing activities": 49257,
        "Net profit from business activities": 67752,
        "Profit": 6,
        "Profit before tax": 67758,
        "Present corporate income tax expenses": 3888,
        "Deferred income taxes expenses": "N/A",
        "The interests of minority shareholders": "N/A",
        "Total Cost of profits": 3888,
        "Profit after tax corporate income": 63870,
        "Volume": 59285600,
        "Close of Quarter": 11.3,
        "EPS": 1535,
        "Non-adjusted EPS": 1535,
        "PE": 7.3,
        "Book Price": 17
      }
    },
    {
      "quarter": "Q2 2014",
      "income status": {
        "Net sales": 672887,
        "Cost of goods sold": 630304,
        "Gross Profit": 42583,
        "Financial expenses": 47524,
        "Of which: Interest expense": 5551,
        "Cost of sales": 57,
        "Enterprise cost management": 5806,
        "Total Operating Expenses": 53387,
        "Total revenue financing activities": 3248,
        "Net profit from business activities": -7556,
        "Profit": -83,
        "Profit before tax": -7639,
        "Present corporate income tax expenses": -1613,
        "Deferred income taxes expenses": "N/A",
        "The interests of minority shareholders": "N/A",
        "Total Cost of profits": -1613,
        "Profit after tax corporate income": -6026,
        "Volume": 59285600,
        "Close of Quarter": 10.8,
        "EPS": 636,
        "Non-adjusted EPS": 636,
        "PE": 17.0,
        "Book Price": 15.9
      }
    },
    {
      "quarter": "Q1 2014",
      "income status": {
        "Net sales": 658953,
        "Cost of goods sold": 602144,
        "Gross Profit": 56809,
        "Financial expenses": 5529,
        "Of which: Interest expense": 5529,
        "Cost of sales": 49,
        "Enterprise cost management": 6120,
        "Total Operating Expenses": 11698,
        "Total revenue financing activities": 10435,
        "Net profit from business activities": 55547,
        "Profit": 21,
        "Profit before tax": 55568,
        "Present corporate income tax expenses": 12235,
        "Deferred income taxes expenses": "N/A",
        "The interests of minority shareholders": "N/A",
        "Total Cost of profits": 12235,
        "Profit after tax corporate income": 43333,
        "Volume": 59285600,
        "Close of Quarter": 13.6,
        "EPS": 1124,
        "Non-adjusted EPS": 1124,
        "PE": 12.1,
        "Book Price": 17
      }
    },
    {
      "quarter": "Q4 2013",
      "income status": {
        "Net sales": 86888,
        "Cost of goods sold": 118722,
        "Gross Profit": -31834,
        "Financial expenses": 20882,
        "Of which: Interest expense": 6204,
        "Cost of sales": 71,
        "Enterprise cost management": 10540,
        "Total Operating Expenses": 31493,
        "Total revenue financing activities": 47687,
        "Net profit from business activities": -15640,
        "Profit": 297,
        "Profit before tax": -15343,
        "Present corporate income tax expenses": -5196,
        "Deferred income taxes expenses": "N/A",
        "The interests of minority shareholders": "N/A",
        "Total Cost of profits": -5196,
        "Profit after tax corporate income": -10147,
        "Volume": 59285600,
        "Close of Quarter": 11.0,
        "EPS": 1188,
        "Non-adjusted EPS": 1188,
        "PE": 9.3,
        "Book Price": 16.3
      }
    },
    {
      "quarter": "Q3 2013",
      "income status": {
        "Net sales": 262281,
        "Cost of goods sold": 220342,
        "Gross Profit": 41939,
        "Financial expenses": 42811,
        "Of which: Interest expense": 6218,
        "Cost of sales": 61,
        "Enterprise cost management": 5857,
        "Total Operating Expenses": 48729,
        "Total revenue financing activities": 20767,
        "Net profit from business activities": 13979,
        "Profit": 61,
        "Profit before tax": 14039,
        "Present corporate income tax expenses": 3521,
        "Deferred income taxes expenses": "N/A",
        "The interests of minority shareholders": "N/A",
        "Total Cost of profits": 3521,
        "Profit after tax corporate income": 10518,
        "Volume": 59285600,
        "Close of Quarter": 10.7,
        "EPS": 2154,
        "Non-adjusted EPS": 2154,
        "PE": 5.0,
        "Book Price": 16.7
      }
    },
    {
      "quarter": "Q2 2013",
      "income status": {
        "Net sales": 412743,
        "Cost of goods sold": 376489,
        "Gross Profit": 36253,
        "Financial expenses": 8410,
        "Of which: Interest expense": 6186,
        "Cost of sales": 54,
        "Enterprise cost management": 6994,
        "Total Operating Expenses": 15458,
        "Total revenue financing activities": 17472,
        "Net profit from business activities": 38267,
        "Profit": 48,
        "Profit before tax": 38315,
        "Present corporate income tax expenses": 15386,
        "Deferred income taxes expenses": "N/A",
        "The interests of minority shareholders": "N/A",
        "Total Cost of profits": 15386,
        "Profit after tax corporate income": 22930,
        "Volume": 59285600,
        "Close of Quarter": 9.5,
        "EPS": 2327,
        "Non-adjusted EPS": 2327,
        "PE": 4.1,
        "Book Price": 16.2
      }
    },
    {
      "quarter": "Q1 2013",
      "income status": {
        "Net sales": 378233,
        "Cost of goods sold": 338236,
        "Gross Profit": 39998,
        "Financial expenses": 6918,
        "Of which: Interest expense": 6918,
        "Cost of sales": 49,
        "Enterprise cost management": 5619,
        "Total Operating Expenses": 12586,
        "Total revenue financing activities": 27717,
        "Net profit from business activities": 55129,
        "Profit": -4,
        "Profit before tax": 55125,
        "Present corporate income tax expenses": 8000,
        "Deferred income taxes expenses": "N/A",
        "The interests of minority shareholders": "N/A",
        "Total Cost of profits": 8000,
        "Profit after tax corporate income": 47125,
        "Volume": 59285600,
        "Close of Quarter": 7.8,
        "EPS": 3096,
        "Non-adjusted EPS": 3096,
        "PE": 2.5,
        "Book Price": 17.1
      }
    },
    {
      "quarter": "Q4 2012",
      "income status": {
        "Net sales": 507206,
        "Cost of goods sold": 452161,
        "Gross Profit": 55046,
        "Financial expenses": 9353,
        "Of which: Interest expense": 7594,
        "Cost of sales": 62,
        "Enterprise cost management": 9473,
        "Total Operating Expenses": 18888,
        "Total revenue financing activities": 26963,
        "Net profit from business activities": 63120,
        "Profit": 8582,
        "Profit before tax": 71702,
        "Present corporate income tax expenses": 24596,
        "Deferred income taxes expenses": "N/A",
        "The interests of minority shareholders": "N/A",
        "Total Cost of profits": 24596,
        "Profit after tax corporate income": 47105,
        "Volume": 59285600,
        "Close of Quarter": 4.6,
        "EPS": 2094,
        "Non-adjusted EPS": 2094,
        "PE": 2.2,
        "Book Price": 16.1
      }
    },
    {
      "quarter": "Q3 2012",
      "income status": {
        "Net sales": 249646,
        "Cost of goods sold": 208548,
        "Gross Profit": 41098,
        "Financial expenses": 7460,
        "Of which: Interest expense": 7450,
        "Cost of sales": 59,
        "Enterprise cost management": 5561,
        "Total Operating Expenses": 13080,
        "Total revenue financing activities": 1165,
        "Net profit from business activities": 29184,
        "Profit": -82,
        "Profit before tax": 29102,
        "Present corporate income tax expenses": 8310,
        "Deferred income taxes expenses": "N/A",
        "The interests of minority shareholders": "N/A",
        "Total Cost of profits": 8310,
        "Profit after tax corporate income": 20792,
        "Volume": 59285600,
        "Close of Quarter": 4.6,
        "EPS": -1520,
        "Non-adjusted EPS": -1520,
        "PE": -3.0,
        "Book Price": 15.3
      }
    },
    {
      "quarter": "Q2 2012",
      "income status": {
        "Net sales": 345149,
        "Cost of goods sold": 248032,
        "Gross Profit": 97117,
        "Financial expenses": 4302,
        "Of which: Interest expense": 7542,
        "Cost of sales": 52,
        "Enterprise cost management": 6456,
        "Total Operating Expenses": 10810,
        "Total revenue financing activities": 1094,
        "Net profit from business activities": 87402,
        "Profit": -143,
        "Profit before tax": 87260,
        "Present corporate income tax expenses": 18704,
        "Deferred income taxes expenses": "N/A",
        "The interests of minority shareholders": "N/A",
        "Total Cost of profits": 18704,
        "Profit after tax corporate income": 68555,
        "Volume": 59285600,
        "Close of Quarter": 3.4,
        "EPS": -2237,
        "Non-adjusted EPS": -2237,
        "PE": -1.5,
        "Book Price": 15
      }
    },
    {
      "quarter": "Q1 2012",
      "income status": {
        "Net sales": 321257,
        "Cost of goods sold": 325126,
        "Gross Profit": -3869,
        "Financial expenses": 5454,
        "Of which: Interest expense": 8082,
        "Cost of sales": 42,
        "Enterprise cost management": 5515,
        "Total Operating Expenses": 11011,
        "Total revenue financing activities": 810,
        "Net profit from business activities": -14070,
        "Profit": 1784,
        "Profit before tax": -12286,
        "Present corporate income tax expenses": "N/A",
        "Deferred income taxes expenses": "N/A",
        "The interests of minority shareholders": "N/A",
        "Total Cost of profits": 0,
        "Profit after tax corporate income": -12286,
        "Volume": 59285600,
        "Close of Quarter": 3.5,
        "EPS": -3301,
        "Non-adjusted EPS": -3301,
        "PE": -1.1,
        "Book Price": 14.7
      }
    },
    {
      "quarter": "Q4 2011",
      "income status": {
        "Net sales": 240626,
        "Cost of goods sold": 306847,
        "Gross Profit": -66221,
        "Financial expenses": 99914,
        "Of which: Interest expense": 8236,
        "Cost of sales": 54,
        "Enterprise cost management": 8585,
        "Total Operating Expenses": 108553,
        "Total revenue financing activities": 1339,
        "Net profit from business activities": -173434,
        "Profit": 376,
        "Profit before tax": -176666,
        "Present corporate income tax expenses": -5887,
        "Deferred income taxes expenses": "N/A",
        "The interests of minority shareholders": "N/A",
        "Total Cost of profits": -5887,
        "Profit after tax corporate income": -167172,
        "Volume": 59285600,
        "Close of Quarter": 2.0,
        "EPS": -3018,
        "Non-adjusted EPS": -3018,
        "PE": -0.7,
        "Book Price": 10.9
      }
    },
    {
      "quarter": "Q3 2011",
      "income status": {
        "Net sales": 487688,
        "Cost of goods sold": 492753,
        "Gross Profit": -5065,
        "Financial expenses": 9957,
        "Of which: Interest expense": 9943,
        "Cost of sales": 64,
        "Enterprise cost management": 5710,
        "Total Operating Expenses": 15731,
        "Total revenue financing activities": 3811,
        "Net profit from business activities": -16986,
        "Profit": -2932,
        "Profit before tax": -19918,
        "Present corporate income tax expenses": 1809,
        "Deferred income taxes expenses": "N/A",
        "The interests of minority shareholders": "N/A",
        "Total Cost of profits": 1809,
        "Profit after tax corporate income": -21727,
        "Volume": 59285600,
        "Close of Quarter": 2.7,
        "EPS": -1052,
        "Non-adjusted EPS": -1052,
        "PE": -2.6,
        "Book Price": 13.7
      }
    },
    {
      "quarter": "Q2 2011",
      "income status": {
        "Net sales": 600672,
        "Cost of goods sold": 562668,
        "Gross Profit": 38005,
        "Financial expenses": 25308,
        "Of which: Interest expense": 15309,
        "Cost of sales": 76,
        "Enterprise cost management": 6377,
        "Total Operating Expenses": 31761,
        "Total revenue financing activities": -264,
        "Net profit from business activities": 5979,
        "Profit": 2647,
        "Profit before tax": 8626,
        "Present corporate income tax expenses": 3172,
        "Deferred income taxes expenses": "N/A",
        "The interests of minority shareholders": "N/A",
        "Total Cost of profits": 3172,
        "Profit after tax corporate income": 5454,
        "Volume": 59285600,
        "Close of Quarter": 3.4,
        "EPS": -474,
        "Non-adjusted EPS": -474,
        "PE": -7.1,
        "Book Price": 14
      }
    },
    {
      "quarter": "Q1 2011",
      "income status": {
        "Net sales": 810906,
        "Cost of goods sold": 784211,
        "Gross Profit": 26695,
        "Financial expenses": 16559,
        "Of which: Interest expense": 9074,
        "Cost of sales": 76,
        "Enterprise cost management": 5157,
        "Total Operating Expenses": 21792,
        "Total revenue financing activities": 2598,
        "Net profit from business activities": 7501,
        "Profit": 183,
        "Profit before tax": 7684,
        "Present corporate income tax expenses": 3172,
        "Deferred income taxes expenses": "N/A",
        "The interests of minority shareholders": "N/A",
        "Total Cost of profits": 3172,
        "Profit after tax corporate income": 4512,
        "Volume": 59285600,
        "Close of Quarter": 5.1,
        "EPS": -127,
        "Non-adjusted EPS": -127,
        "PE": -40.3,
        "Book Price": 14.2
      }
    },
    {
      "quarter": "Q4 2010",
      "income status": {
        "Net sales": 457013,
        "Cost of goods sold": 398978,
        "Gross Profit": 58035,
        "Financial expenses": 107975,
        "Of which: Interest expense": 10080,
        "Cost of sales": 69,
        "Enterprise cost management": 7187,
        "Total Operating Expenses": 115231,
        "Total revenue financing activities": 2438,
        "Net profit from business activities": -54758,
        "Profit": 230,
        "Profit before tax": -54529,
        "Present corporate income tax expenses": -3910,
        "Deferred income taxes expenses": "N/A",
        "The interests of minority shareholders": "N/A",
        "Total Cost of profits": -3910,
        "Profit after tax corporate income": -50618,
        "Volume": 60485600,
        "Close of Quarter": 6.2,
        "EPS": 365.3,
        "Non-adjusted EPS": 358,
        "PE": 17.2,
        "Book Price": 14.3
      }
    },
    {
      "quarter": "Q3 2010",
      "income status": {
        "Net sales": 448162,
        "Cost of goods sold": 404503,
        "Gross Profit": 43659,
        "Financial expenses": 24964,
        "Of which: Interest expense": 9213,
        "Cost of sales": 59,
        "Enterprise cost management": 6751,
        "Total Operating Expenses": 31774,
        "Total revenue financing activities": 4590,
        "Net profit from business activities": 16475,
        "Profit": 12,
        "Profit before tax": 16487,
        "Present corporate income tax expenses": 3910,
        "Deferred income taxes expenses": "N/A",
        "The interests of minority shareholders": "N/A",
        "Total Cost of profits": 3910,
        "Profit after tax corporate income": 12577,
        "Volume": 60485600,
        "Close of Quarter": 6.7,
        "EPS": 1640.6,
        "Non-adjusted EPS": 1608,
        "PE": 4.2,
        "Book Price": 14.9
      }
    },
    {
      "quarter": "Q2 2010",
      "income status": {
        "Net sales": 609576,
        "Cost of goods sold": 553459,
        "Gross Profit": 56116,
        "Financial expenses": 20733,
        "Of which: Interest expense": 9171,
        "Cost of sales": 53,
        "Enterprise cost management": 6120,
        "Total Operating Expenses": 26906,
        "Total revenue financing activities": 671,
        "Net profit from business activities": 29881,
        "Profit": 8,
        "Profit before tax": 29889,
        "Present corporate income tax expenses": 3910,
        "Deferred income taxes expenses": "N/A",
        "The interests of minority shareholders": "N/A",
        "Total Cost of profits": 3910,
        "Profit after tax corporate income": 25979,
        "Volume": 60485600,
        "Close of Quarter": 8.3,
        "EPS": 1221.2,
        "Non-adjusted EPS": 1197,
        "PE": 6.9,
        "Book Price": 14.7
      }
    },
    {
      "quarter": "Q1 2010",
      "income status": {
        "Net sales": 523961,
        "Cost of goods sold": 457203,
        "Gross Profit": 66758,
        "Financial expenses": 24389,
        "Of which: Interest expense": 9464,
        "Cost of sales": 47,
        "Enterprise cost management": 5593,
        "Total Operating Expenses": 30029,
        "Total revenue financing activities": 850,
        "Net profit from business activities": 37579,
        "Profit": 69,
        "Profit before tax": 37649,
        "Present corporate income tax expenses": 3910,
        "Deferred income taxes expenses": "N/A",
        "The interests of minority shareholders": "N/A",
        "Total Cost of profits": 3910,
        "Profit after tax corporate income": 33739,
        "Volume": 60485600,
        "Close of Quarter": 7.4,
        "EPS": 833.5,
        "Non-adjusted EPS": 817,
        "PE": 9.0,
        "Book Price": 14.2
      }
    },
    {
      "quarter": "Q4 2009",
      "income status": {
        "Net sales": 451208,
        "Cost of goods sold": 354536,
        "Gross Profit": 96673,
        "Financial expenses": 123211,
        "Of which: Interest expense": "N/A",
        "Cost of sales": 45,
        "Enterprise cost management": 5852,
        "Total Operating Expenses": 129108,
        "Total revenue financing activities": 1885,
        "Net profit from business activities": -30550,
        "Profit": 6283,
        "Profit before tax": -24267,
        "Present corporate income tax expenses": 2798,
        "Deferred income taxes expenses": -52039,
        "The interests of minority shareholders": "N/A",
        "Total Cost of profits": -49241,
        "Profit after tax corporate income": 24974,
        "Volume": 60485600,
        "Close of Quarter": 8.3,
        "EPS": 688.7,
        "Non-adjusted EPS": 675,
        "PE": 12.3,
        "Book Price": 13.5
      }
    },
    {
      "quarter": "Q3 2009",
      "income status": {
        "Net sales": 316209,
        "Cost of goods sold": 300364,
        "Gross Profit": 15844,
        "Financial expenses": 22036,
        "Of which: Interest expense": 9523,
        "Cost of sales": 20,
        "Enterprise cost management": 4125,
        "Total Operating Expenses": 26181,
        "Total revenue financing activities": 850,
        "Net profit from business activities": -9487,
        "Profit": 13,
        "Profit before tax": -9474,
        "Present corporate income tax expenses": 2798,
        "Deferred income taxes expenses": "N/A",
        "The interests of minority shareholders": "N/A",
        "Total Cost of profits": 2798,
        "Profit after tax corporate income": -12272,
        "Volume": 60485600,
        "Close of Quarter": "N/A",
        "EPS": 2789.3,
        "Non-adjusted EPS": 2734,
        "PE": "N/A",
        "Book Price": 13.5
      }
    },
    {
      "quarter": "Q2 2009",
      "income status": {
        "Net sales": 361554,
        "Cost of goods sold": 327208,
        "Gross Profit": 34346,
        "Financial expenses": 23727,
        "Of which: Interest expense": 9980,
        "Cost of sales": 7,
        "Enterprise cost management": 6108,
        "Total Operating Expenses": 29842,
        "Total revenue financing activities": 1144,
        "Net profit from business activities": 5649,
        "Profit": 100,
        "Profit before tax": 5749,
        "Present corporate income tax expenses": 2798,
        "Deferred income taxes expenses": "N/A",
        "The interests of minority shareholders": "N/A",
        "Total Cost of profits": 2798,
        "Profit after tax corporate income": 2951,
        "Volume": 60485600,
        "Close of Quarter": "N/A",
        "EPS": 3329.1,
        "Non-adjusted EPS": 3263,
        "PE": "N/A",
        "Book Price": 14.6
      }
    },
    {
      "quarter": "Q1 2009",
      "income status": {
        "Net sales": 343427,
        "Cost of goods sold": 294042,
        "Gross Profit": 49385,
        "Financial expenses": 15847,
        "Of which: Interest expense": 9530,
        "Cost of sales": 5,
        "Enterprise cost management": 6102,
        "Total Operating Expenses": 21954,
        "Total revenue financing activities": 510,
        "Net profit from business activities": 27941,
        "Profit": 51,
        "Profit before tax": 27992,
        "Present corporate income tax expenses": 2798,
        "Deferred income taxes expenses": "N/A",
        "The interests of minority shareholders": "N/A",
        "Total Cost of profits": 2798,
        "Profit after tax corporate income": 25194,
        "Volume": 60485600,
        "Close of Quarter": "N/A",
        "EPS": 3256.6,
        "Non-adjusted EPS": 3192,
        "PE": "N/A",
        "Book Price": "N/A"
      }
    },
    {
      "quarter": "Q4 2008",
      "income status": {
        "Net sales": 327839,
        "Cost of goods sold": 279875,
        "Gross Profit": 47964,
        "Financial expenses": 30274,
        "Of which: Interest expense": 6842,
        "Cost of sales": 6,
        "Enterprise cost management": 12284,
        "Total Operating Expenses": 42564,
        "Total revenue financing activities": 209793,
        "Net profit from business activities": 215193,
        "Profit": -86,
        "Profit before tax": 215107,
        "Present corporate income tax expenses": 11473,
        "Deferred income taxes expenses": 54156,
        "The interests of minority shareholders": "N/A",
        "Total Cost of profits": 65629,
        "Profit after tax corporate income": 149477,
        "Volume": 60485600,
        "Close of Quarter": "N/A",
        "EPS": 3058.7,
        "Non-adjusted EPS": 2998,
        "PE": "N/A",
        "Book Price": "N/A"
      }
    },
    {
      "quarter": "Q3 2008",
      "income status": {
        "Net sales": 365432,
        "Cost of goods sold": 323084,
        "Gross Profit": 42349,
        "Financial expenses": 15368,
        "Of which: Interest expense": "N/A",
        "Cost of sales": "N/A",
        "Enterprise cost management": 4623,
        "Total Operating Expenses": 19991,
        "Total revenue financing activities": 557,
        "Net profit from business activities": 22915,
        "Profit": -480,
        "Profit before tax": 22435,
        "Present corporate income tax expenses": 2714,
        "Deferred income taxes expenses": "N/A",
        "The interests of minority shareholders": "N/A",
        "Total Cost of profits": 2714,
        "Profit after tax corporate income": 19722,
        "Volume": 60485600,
        "Close of Quarter": "N/A",
        "EPS": 536.7,
        "Non-adjusted EPS": 526,
        "PE": "N/A",
        "Book Price": 11.4
      }
    },
    {
      "quarter": "Q2 2008",
      "income status": {
        "Net sales": 268193,
        "Cost of goods sold": 250657,
        "Gross Profit": 17536,
        "Financial expenses": 14750,
        "Of which: Interest expense": 12514,
        "Cost of sales": 3,
        "Enterprise cost management": 6061,
        "Total Operating Expenses": 20814,
        "Total revenue financing activities": 2254,
        "Net profit from business activities": -1024,
        "Profit": 5,
        "Profit before tax": -1018,
        "Present corporate income tax expenses": 280,
        "Deferred income taxes expenses": "N/A",
        "The interests of minority shareholders": "N/A",
        "Total Cost of profits": 280,
        "Profit after tax corporate income": -1298,
        "Volume": 60485600,
        "Close of Quarter": "N/A",
        "EPS": 204.1,
        "Non-adjusted EPS": 200,
        "PE": "N/A",
        "Book Price": 11.1
      }
    },
    {
      "quarter": "Q1 2008",
      "income status": {
        "Net sales": 326708,
        "Cost of goods sold": 294975,
        "Gross Profit": 31733,
        "Financial expenses": 12050,
        "Of which: Interest expense": 12050,
        "Cost of sales": "N/A",
        "Enterprise cost management": 6680,
        "Total Operating Expenses": 18730,
        "Total revenue financing activities": 2576,
        "Net profit from business activities": 15578,
        "Profit": "N/A",
        "Profit before tax": 15578,
        "Present corporate income tax expenses": 2174,
        "Deferred income taxes expenses": "N/A",
        "The interests of minority shareholders": "N/A",
        "Total Cost of profits": 2174,
        "Profit after tax corporate income": 13405,
        "Volume": 60485600,
        "Close of Quarter": "N/A",
        "EPS": 226.5,
        "Non-adjusted EPS": 222,
        "PE": "N/A",
        "Book Price": 11.2
      }
    }
  ]
}