{
  "ticker": "DTC",
  "data": [
    {
      "quarter": "Q1 2017",
      "income status": {
        "Net sales": 71587,
        "Cost of goods sold": 59049,
        "Gross Profit": 12538,
        "Financial expenses": 3155,
        "Of which: Interest expense": 3155,
        "Cost of sales": 376,
        "Enterprise cost management": 3004,
        "Total Operating Expenses": 6535,
        "Total revenue financing activities": 6,
        "Net profit from business activities": 6010,
        "Profit": 20,
        "Profit before tax": 6030,
        "Present corporate income tax expenses": "N/A",
        "Deferred income taxes expenses": "N/A",
        "The interests of minority shareholders": "N/A",
        "Total Cost of profits": 0,
        "Profit after tax corporate income": 6030,
        "Volume": 4000000,
        "Close of Quarter": 9.5,
        "EPS": 4579,
        "Non-adjusted EPS": 4579,
        "PE": 2.1,
        "Book Price": -3.5
      }
    },
    {
      "quarter": "Q4 2016",
      "income status": {
        "Net sales": 59322,
        "Cost of goods sold": 46473,
        "Gross Profit": 12849,
        "Financial expenses": 3228,
        "Of which: Interest expense": "N/A",
        "Cost of sales": -506,
        "Enterprise cost management": 5537,
        "Total Operating Expenses": 8259,
        "Total revenue financing activities": 63,
        "Net profit from business activities": 4652,
        "Profit": -67,
        "Profit before tax": 4585,
        "Present corporate income tax expenses": "N/A",
        "Deferred income taxes expenses": "N/A",
        "The interests of minority shareholders": "N/A",
        "Total Cost of profits": 0,
        "Profit after tax corporate income": 4585,
        "Volume": 4000000,
        "Close of Quarter": 10.2,
        "EPS": 3318,
        "Non-adjusted EPS": 3318,
        "PE": 3.1,
        "Book Price": -5
      }
    },
    {
      "quarter": "Q3 2016",
      "income status": {
        "Net sales": 59188,
        "Cost of goods sold": 45595,
        "Gross Profit": 13593,
        "Financial expenses": 3450,
        "Of which: Interest expense": "N/A",
        "Cost of sales": 336,
        "Enterprise cost management": 2620,
        "Total Operating Expenses": 6406,
        "Total revenue financing activities": 28,
        "Net profit from business activities": 7214,
        "Profit": -1754,
        "Profit before tax": 5460,
        "Present corporate income tax expenses": "N/A",
        "Deferred income taxes expenses": "N/A",
        "The interests of minority shareholders": "N/A",
        "Total Cost of profits": 0,
        "Profit after tax corporate income": 5460,
        "Volume": 4000000,
        "Close of Quarter": 13.5,
        "EPS": 2636,
        "Non-adjusted EPS": 2636,
        "PE": 5.1,
        "Book Price": -6.1
      }
    },
    {
      "quarter": "Q2 2016",
      "income status": {
        "Net sales": 60226,
        "Cost of goods sold": 49878,
        "Gross Profit": 10348,
        "Financial expenses": 3314,
        "Of which: Interest expense": 6508,
        "Cost of sales": 333,
        "Enterprise cost management": 3121,
        "Total Operating Expenses": 6768,
        "Total revenue financing activities": 42,
        "Net profit from business activities": 3621,
        "Profit": -1382,
        "Profit before tax": 2239,
        "Present corporate income tax expenses": "N/A",
        "Deferred income taxes expenses": "N/A",
        "The interests of minority shareholders": "N/A",
        "Total Cost of profits": 0,
        "Profit after tax corporate income": 2239,
        "Volume": 4000000,
        "Close of Quarter": 6.5,
        "EPS": 1756,
        "Non-adjusted EPS": 1756,
        "PE": 3.7,
        "Book Price": -7.5
      }
    },
    {
      "quarter": "Q1 2016",
      "income status": {
        "Net sales": 50125,
        "Cost of goods sold": 42408,
        "Gross Profit": 7717,
        "Financial expenses": 3205,
        "Of which: Interest expense": 3205,
        "Cost of sales": 286,
        "Enterprise cost management": 2598,
        "Total Operating Expenses": 6089,
        "Total revenue financing activities": 7,
        "Net profit from business activities": 1636,
        "Profit": -649,
        "Profit before tax": 986,
        "Present corporate income tax expenses": "N/A",
        "Deferred income taxes expenses": "N/A",
        "The interests of minority shareholders": "N/A",
        "Total Cost of profits": 0,
        "Profit after tax corporate income": 986,
        "Volume": 4000000,
        "Close of Quarter": 6.5,
        "EPS": 1662,
        "Non-adjusted EPS": 1662,
        "PE": 3.9,
        "Book Price": -8.1
      }
    },
    {
      "quarter": "Q4 2015",
      "income status": {
        "Net sales": 49888,
        "Cost of goods sold": 41043,
        "Gross Profit": 8844,
        "Financial expenses": 2835,
        "Of which: Interest expense": 2835,
        "Cost of sales": 288,
        "Enterprise cost management": 2922,
        "Total Operating Expenses": 6045,
        "Total revenue financing activities": 39,
        "Net profit from business activities": 2839,
        "Profit": -980,
        "Profit before tax": 1858,
        "Present corporate income tax expenses": "N/A",
        "Deferred income taxes expenses": "N/A",
        "The interests of minority shareholders": "N/A",
        "Total Cost of profits": 0,
        "Profit after tax corporate income": 1858,
        "Volume": 4000000,
        "Close of Quarter": 6.9,
        "EPS": 1514,
        "Non-adjusted EPS": 1514,
        "PE": 4.6,
        "Book Price": -8
      }
    },
    {
      "quarter": "Q3 2015",
      "income status": {
        "Net sales": 50791,
        "Cost of goods sold": 41890,
        "Gross Profit": 8901,
        "Financial expenses": 3445,
        "Of which: Interest expense": 3445,
        "Cost of sales": 280,
        "Enterprise cost management": 2251,
        "Total Operating Expenses": 5976,
        "Total revenue financing activities": 4,
        "Net profit from business activities": 2930,
        "Profit": -989,
        "Profit before tax": 1941,
        "Present corporate income tax expenses": "N/A",
        "Deferred income taxes expenses": "N/A",
        "The interests of minority shareholders": "N/A",
        "Total Cost of profits": 0,
        "Profit after tax corporate income": 1941,
        "Volume": 4000000,
        "Close of Quarter": 6.7,
        "EPS": 1548,
        "Non-adjusted EPS": 1548,
        "PE": 4.3,
        "Book Price": -8.5
      }
    },
    {
      "quarter": "Q2 2015",
      "income status": {
        "Net sales": 49805,
        "Cost of goods sold": 41186,
        "Gross Profit": 8620,
        "Financial expenses": 3433,
        "Of which: Interest expense": 3433,
        "Cost of sales": 295,
        "Enterprise cost management": 3013,
        "Total Operating Expenses": 6741,
        "Total revenue financing activities": 119,
        "Net profit from business activities": 1998,
        "Profit": -134,
        "Profit before tax": 1864,
        "Present corporate income tax expenses": "N/A",
        "Deferred income taxes expenses": "N/A",
        "The interests of minority shareholders": "N/A",
        "Total Cost of profits": 0,
        "Profit after tax corporate income": 1864,
        "Volume": 4000000,
        "Close of Quarter": 5.7,
        "EPS": 1513,
        "Non-adjusted EPS": 1513,
        "PE": 3.8,
        "Book Price": -9.4
      }
    },
    {
      "quarter": "Q1 2015",
      "income status": {
        "Net sales": 38005,
        "Cost of goods sold": 31330,
        "Gross Profit": 6676,
        "Financial expenses": 3774,
        "Of which: Interest expense": 3774,
        "Cost of sales": 256,
        "Enterprise cost management": 2131,
        "Total Operating Expenses": 6161,
        "Total revenue financing activities": 5,
        "Net profit from business activities": 520,
        "Profit": -127,
        "Profit before tax": 393,
        "Present corporate income tax expenses": "N/A",
        "Deferred income taxes expenses": "N/A",
        "The interests of minority shareholders": "N/A",
        "Total Cost of profits": 0,
        "Profit after tax corporate income": 393,
        "Volume": 4000000,
        "Close of Quarter": 14.4,
        "EPS": 888,
        "Non-adjusted EPS": 888,
        "PE": 16.2,
        "Book Price": -9.9
      }
    },
    {
      "quarter": "Q4 2014",
      "income status": {
        "Net sales": 48486,
        "Cost of goods sold": 40131,
        "Gross Profit": 8355,
        "Financial expenses": 3369,
        "Of which: Interest expense": 3369,
        "Cost of sales": 227,
        "Enterprise cost management": 2752,
        "Total Operating Expenses": 6348,
        "Total revenue financing activities": 612,
        "Net profit from business activities": 2620,
        "Profit": -625,
        "Profit before tax": 1995,
        "Present corporate income tax expenses": "N/A",
        "Deferred income taxes expenses": "N/A",
        "The interests of minority shareholders": "N/A",
        "Total Cost of profits": 0,
        "Profit after tax corporate income": 1995,
        "Volume": 4000000,
        "Close of Quarter": 5.9,
        "EPS": 3,
        "Non-adjusted EPS": 3,
        "PE": 1966.7,
        "Book Price": -8.9
      }
    },
    {
      "quarter": "Q3 2014",
      "income status": {
        "Net sales": 45115,
        "Cost of goods sold": 36059,
        "Gross Profit": 9056,
        "Financial expenses": 4336,
        "Of which: Interest expense": "N/A",
        "Cost of sales": 454,
        "Enterprise cost management": 2201,
        "Total Operating Expenses": 6991,
        "Total revenue financing activities": 19,
        "Net profit from business activities": 2083,
        "Profit": -284,
        "Profit before tax": 1799,
        "Present corporate income tax expenses": "N/A",
        "Deferred income taxes expenses": "N/A",
        "The interests of minority shareholders": "N/A",
        "Total Cost of profits": 0,
        "Profit after tax corporate income": 1799,
        "Volume": 4000000,
        "Close of Quarter": 4.2,
        "EPS": -1084,
        "Non-adjusted EPS": -1084,
        "PE": -3.9,
        "Book Price": -8.4
      }
    },
    {
      "quarter": "Q2 2014",
      "income status": {
        "Net sales": 42349,
        "Cost of goods sold": 34660,
        "Gross Profit": 7690,
        "Financial expenses": 4627,
        "Of which: Interest expense": "N/A",
        "Cost of sales": 1578,
        "Enterprise cost management": 2157,
        "Total Operating Expenses": 8362,
        "Total revenue financing activities": 15,
        "Net profit from business activities": -657,
        "Profit": 22,
        "Profit before tax": -635,
        "Present corporate income tax expenses": "N/A",
        "Deferred income taxes expenses": "N/A",
        "The interests of minority shareholders": "N/A",
        "Total Cost of profits": 0,
        "Profit after tax corporate income": -635,
        "Volume": 4000000,
        "Close of Quarter": 3.5,
        "EPS": -2572,
        "Non-adjusted EPS": -2572,
        "PE": -1.4,
        "Book Price": -8.9
      }
    },
    {
      "quarter": "Q1 2014",
      "income status": {
        "Net sales": 34434,
        "Cost of goods sold": 29346,
        "Gross Profit": 5088,
        "Financial expenses": 4723,
        "Of which: Interest expense": "N/A",
        "Cost of sales": 1569,
        "Enterprise cost management": 1993,
        "Total Operating Expenses": 8285,
        "Total revenue financing activities": 19,
        "Net profit from business activities": -3178,
        "Profit": 30,
        "Profit before tax": -3149,
        "Present corporate income tax expenses": "N/A",
        "Deferred income taxes expenses": "N/A",
        "The interests of minority shareholders": "N/A",
        "Total Cost of profits": 0,
        "Profit after tax corporate income": -3149,
        "Volume": 4000000,
        "Close of Quarter": 11.2,
        "EPS": -3338,
        "Non-adjusted EPS": -3338,
        "PE": -3.4,
        "Book Price": -8.7
      }
    },
    {
      "quarter": "Q4 2013",
      "income status": {
        "Net sales": 35815,
        "Cost of goods sold": 28765,
        "Gross Profit": 7050,
        "Financial expenses": 4893,
        "Of which: Interest expense": 4893,
        "Cost of sales": 2511,
        "Enterprise cost management": 2037,
        "Total Operating Expenses": 9441,
        "Total revenue financing activities": 27,
        "Net profit from business activities": -2363,
        "Profit": 14,
        "Profit before tax": -2350,
        "Present corporate income tax expenses": "N/A",
        "Deferred income taxes expenses": "N/A",
        "The interests of minority shareholders": "N/A",
        "Total Cost of profits": 0,
        "Profit after tax corporate income": -2350,
        "Volume": 4000000,
        "Close of Quarter": 9.9,
        "EPS": -4572,
        "Non-adjusted EPS": -4572,
        "PE": -2.2,
        "Book Price": -7.8
      }
    },
    {
      "quarter": "Q3 2013",
      "income status": {
        "Net sales": 24214,
        "Cost of goods sold": 20228,
        "Gross Profit": 3986,
        "Financial expenses": 5122,
        "Of which: Interest expense": "N/A",
        "Cost of sales": 1275,
        "Enterprise cost management": 1775,
        "Total Operating Expenses": 8172,
        "Total revenue financing activities": 2,
        "Net profit from business activities": -4184,
        "Profit": 31,
        "Profit before tax": -4153,
        "Present corporate income tax expenses": "N/A",
        "Deferred income taxes expenses": "N/A",
        "The interests of minority shareholders": "N/A",
        "Total Cost of profits": 0,
        "Profit after tax corporate income": -4153,
        "Volume": 4000000,
        "Close of Quarter": 6.7,
        "EPS": -7113,
        "Non-adjusted EPS": -7113,
        "PE": -0.9,
        "Book Price": -7.3
      }
    },
    {
      "quarter": "Q2 2013",
      "income status": {
        "Net sales": 26321,
        "Cost of goods sold": 20775,
        "Gross Profit": 5546,
        "Financial expenses": 5634,
        "Of which: Interest expense": 10885,
        "Cost of sales": 1456,
        "Enterprise cost management": 2117,
        "Total Operating Expenses": 9207,
        "Total revenue financing activities": 15,
        "Net profit from business activities": -3646,
        "Profit": -52,
        "Profit before tax": -3698,
        "Present corporate income tax expenses": "N/A",
        "Deferred income taxes expenses": "N/A",
        "The interests of minority shareholders": "N/A",
        "Total Cost of profits": 0,
        "Profit after tax corporate income": -3698,
        "Volume": 4000000,
        "Close of Quarter": 2.4,
        "EPS": -8137,
        "Non-adjusted EPS": -8137,
        "PE": -0.3,
        "Book Price": -6.2
      }
    },
    {
      "quarter": "Q1 2013",
      "income status": {
        "Net sales": 22248,
        "Cost of goods sold": 21820,
        "Gross Profit": 429,
        "Financial expenses": 5251,
        "Of which: Interest expense": "N/A",
        "Cost of sales": 1231,
        "Enterprise cost management": 2115,
        "Total Operating Expenses": 8597,
        "Total revenue financing activities": 62,
        "Net profit from business activities": -8106,
        "Profit": 20,
        "Profit before tax": -8086,
        "Present corporate income tax expenses": "N/A",
        "Deferred income taxes expenses": "N/A",
        "The interests of minority shareholders": "N/A",
        "Total Cost of profits": 0,
        "Profit after tax corporate income": -8086,
        "Volume": 4000000,
        "Close of Quarter": 3,
        "EPS": -13865,
        "Non-adjusted EPS": -13865,
        "PE": -0.2,
        "Book Price": -5.3
      }
    },
    {
      "quarter": "Q4 2012",
      "income status": {
        "Net sales": 32519,
        "Cost of goods sold": 33975,
        "Gross Profit": -1456,
        "Financial expenses": 5620,
        "Of which: Interest expense": "N/A",
        "Cost of sales": 1888,
        "Enterprise cost management": 2603,
        "Total Operating Expenses": 10111,
        "Total revenue financing activities": 16,
        "Net profit from business activities": -11552,
        "Profit": -963,
        "Profit before tax": -12515,
        "Present corporate income tax expenses": "N/A",
        "Deferred income taxes expenses": "N/A",
        "The interests of minority shareholders": "N/A",
        "Total Cost of profits": 0,
        "Profit after tax corporate income": -12515,
        "Volume": 4000000,
        "Close of Quarter": 3.6,
        "EPS": -16960,
        "Non-adjusted EPS": -16960,
        "PE": -0.2,
        "Book Price": -3
      }
    },
    {
      "quarter": "Q3 2012",
      "income status": {
        "Net sales": 15870,
        "Cost of goods sold": 15075,
        "Gross Profit": 795,
        "Financial expenses": 5608,
        "Of which: Interest expense": "N/A",
        "Cost of sales": 1369,
        "Enterprise cost management": 2087,
        "Total Operating Expenses": 9064,
        "Total revenue financing activities": 2,
        "Net profit from business activities": -8268,
        "Profit": 20,
        "Profit before tax": -8248,
        "Present corporate income tax expenses": "N/A",
        "Deferred income taxes expenses": "N/A",
        "The interests of minority shareholders": "N/A",
        "Total Cost of profits": 0,
        "Profit after tax corporate income": -8248,
        "Volume": 4000000,
        "Close of Quarter": 5,
        "EPS": -14649,
        "Non-adjusted EPS": -14649,
        "PE": -0.3,
        "Book Price": 0.1
      }
    },
    {
      "quarter": "Q2 2012",
      "income status": {
        "Net sales": 10111,
        "Cost of goods sold": 23558,
        "Gross Profit": -13448,
        "Financial expenses": 9237,
        "Of which: Interest expense": 15854,
        "Cost of sales": 1719,
        "Enterprise cost management": 2166,
        "Total Operating Expenses": 13122,
        "Total revenue financing activities": 1,
        "Net profit from business activities": -26568,
        "Profit": -43,
        "Profit before tax": -26611,
        "Present corporate income tax expenses": "N/A",
        "Deferred income taxes expenses": "N/A",
        "The interests of minority shareholders": "N/A",
        "Total Cost of profits": 0,
        "Profit after tax corporate income": -26611,
        "Volume": 4000000,
        "Close of Quarter": 9.6,
        "EPS": -12575,
        "Non-adjusted EPS": -12575,
        "PE": -0.8,
        "Book Price": 2.2
      }
    },
    {
      "quarter": "Q1 2012",
      "income status": {
        "Net sales": 12478,
        "Cost of goods sold": 22772,
        "Gross Profit": -10294,
        "Financial expenses": 6618,
        "Of which: Interest expense": "N/A",
        "Cost of sales": 1389,
        "Enterprise cost management": 2171,
        "Total Operating Expenses": 10178,
        "Total revenue financing activities": 7,
        "Net profit from business activities": -20465,
        "Profit": 1,
        "Profit before tax": -20464,
        "Present corporate income tax expenses": "N/A",
        "Deferred income taxes expenses": "N/A",
        "The interests of minority shareholders": "N/A",
        "Total Cost of profits": 0,
        "Profit after tax corporate income": -20464,
        "Volume": 4000000,
        "Close of Quarter": 10.6,
        "EPS": -5240,
        "Non-adjusted EPS": -5240,
        "PE": -2.0,
        "Book Price": 3.8
      }
    },
    {
      "quarter": "Q4 2011",
      "income status": {
        "Net sales": 62496,
        "Cost of goods sold": 58759,
        "Gross Profit": 3737,
        "Financial expenses": 4337,
        "Of which: Interest expense": "N/A",
        "Cost of sales": 2282,
        "Enterprise cost management": 1632,
        "Total Operating Expenses": 8251,
        "Total revenue financing activities": 140,
        "Net profit from business activities": -4373,
        "Profit": 22,
        "Profit before tax": -4351,
        "Present corporate income tax expenses": -1081,
        "Deferred income taxes expenses": "N/A",
        "The interests of minority shareholders": "N/A",
        "Total Cost of profits": -1081,
        "Profit after tax corporate income": -3271,
        "Volume": 2000000,
        "Close of Quarter": 23.2,
        "EPS": 209.5,
        "Non-adjusted EPS": 419,
        "PE": 55.4,
        "Book Price": 9.0
      }
    },
    {
      "quarter": "Q3 2011",
      "income status": {
        "Net sales": 30631,
        "Cost of goods sold": 24160,
        "Gross Profit": 6470,
        "Financial expenses": 3881,
        "Of which: Interest expense": "N/A",
        "Cost of sales": 901,
        "Enterprise cost management": 1966,
        "Total Operating Expenses": 6748,
        "Total revenue financing activities": 323,
        "Net profit from business activities": 45,
        "Profit": 17,
        "Profit before tax": 62,
        "Present corporate income tax expenses": 16,
        "Deferred income taxes expenses": "N/A",
        "The interests of minority shareholders": "N/A",
        "Total Cost of profits": 16,
        "Profit after tax corporate income": 47,
        "Volume": 1000000,
        "Close of Quarter": 23.2,
        "EPS": 2504.8,
        "Non-adjusted EPS": 10019,
        "PE": 2.3,
        "Book Price": 9.8
      }
    },
    {
      "quarter": "Q2 2011",
      "income status": {
        "Net sales": 39017,
        "Cost of goods sold": 27446,
        "Gross Profit": 11571,
        "Financial expenses": 4190,
        "Of which: Interest expense": "N/A",
        "Cost of sales": 1855,
        "Enterprise cost management": 2618,
        "Total Operating Expenses": 8663,
        "Total revenue financing activities": 735,
        "Net profit from business activities": 3643,
        "Profit": -16,
        "Profit before tax": 3626,
        "Present corporate income tax expenses": 898,
        "Deferred income taxes expenses": "N/A",
        "The interests of minority shareholders": "N/A",
        "Total Cost of profits": 898,
        "Profit after tax corporate income": 2728,
        "Volume": 1000000,
        "Close of Quarter": 29.6,
        "EPS": 3607.3,
        "Non-adjusted EPS": 14429,
        "PE": 2.1,
        "Book Price": 9.8
      }
    },
    {
      "quarter": "Q1 2011",
      "income status": {
        "Net sales": 34292,
        "Cost of goods sold": 26479,
        "Gross Profit": 7813,
        "Financial expenses": 3379,
        "Of which: Interest expense": "N/A",
        "Cost of sales": 1076,
        "Enterprise cost management": 1631,
        "Total Operating Expenses": 6086,
        "Total revenue financing activities": 37,
        "Net profit from business activities": 1764,
        "Profit": 14,
        "Profit before tax": 1778,
        "Present corporate income tax expenses": 444,
        "Deferred income taxes expenses": "N/A",
        "The interests of minority shareholders": "N/A",
        "Total Cost of profits": 444,
        "Profit after tax corporate income": 1333,
        "Volume": 1000000,
        "Close of Quarter": 32.1,
        "EPS": 3854.8,
        "Non-adjusted EPS": 15419,
        "PE": 2.1,
        "Book Price": 9.2
      }
    },
    {
      "quarter": "Q4 2010",
      "income status": {
        "Net sales": 55131,
        "Cost of goods sold": 43204,
        "Gross Profit": 11927,
        "Financial expenses": 2052,
        "Of which: Interest expense": "N/A",
        "Cost of sales": 1402,
        "Enterprise cost management": 1751,
        "Total Operating Expenses": 5205,
        "Total revenue financing activities": 24,
        "Net profit from business activities": 6746,
        "Profit": 9,
        "Profit before tax": 6755,
        "Present corporate income tax expenses": 844,
        "Deferred income taxes expenses": "N/A",
        "The interests of minority shareholders": "N/A",
        "Total Cost of profits": 844,
        "Profit after tax corporate income": 5911,
        "Volume": 1000000,
        "Close of Quarter": 37.6,
        "EPS": 4509.3,
        "Non-adjusted EPS": 18037,
        "PE": 2.1,
        "Book Price": 9.5
      }
    },
    {
      "quarter": "Q3 2010",
      "income status": {
        "Net sales": 29802,
        "Cost of goods sold": 20507,
        "Gross Profit": 9295,
        "Financial expenses": 1687,
        "Of which: Interest expense": "N/A",
        "Cost of sales": 975,
        "Enterprise cost management": 1558,
        "Total Operating Expenses": 4220,
        "Total revenue financing activities": 12,
        "Net profit from business activities": 5087,
        "Profit": 7,
        "Profit before tax": 5093,
        "Present corporate income tax expenses": 637,
        "Deferred income taxes expenses": "N/A",
        "The interests of minority shareholders": "N/A",
        "Total Cost of profits": 637,
        "Profit after tax corporate income": 4457,
        "Volume": 1000000,
        "Close of Quarter": 37.2,
        "EPS": 4450.8,
        "Non-adjusted EPS": 17803,
        "PE": 2.1,
        "Book Price": 8.2
      }
    },
    {
      "quarter": "Q2 2010",
      "income status": {
        "Net sales": 32736,
        "Cost of goods sold": 25523,
        "Gross Profit": 7212,
        "Financial expenses": 1293,
        "Of which: Interest expense": "N/A",
        "Cost of sales": 1387,
        "Enterprise cost management": 1663,
        "Total Operating Expenses": 4343,
        "Total revenue financing activities": 64,
        "Net profit from business activities": 2934,
        "Profit": 1313,
        "Profit before tax": 4247,
        "Present corporate income tax expenses": 528,
        "Deferred income taxes expenses": "N/A",
        "The interests of minority shareholders": "N/A",
        "Total Cost of profits": 528,
        "Profit after tax corporate income": 3718,
        "Volume": 1000000,
        "Close of Quarter": 38.2,
        "EPS": 4504.5,
        "Non-adjusted EPS": 18018,
        "PE": 2.1,
        "Book Price": 7.1
      }
    },
    {
      "quarter": "Q1 2010",
      "income status": {
        "Net sales": 32444,
        "Cost of goods sold": 24333,
        "Gross Profit": 8110,
        "Financial expenses": 1209,
        "Of which: Interest expense": "N/A",
        "Cost of sales": 990,
        "Enterprise cost management": 1411,
        "Total Operating Expenses": 3610,
        "Total revenue financing activities": 13,
        "Net profit from business activities": 4515,
        "Profit": 1,
        "Profit before tax": 4515,
        "Present corporate income tax expenses": 564,
        "Deferred income taxes expenses": "N/A",
        "The interests of minority shareholders": "N/A",
        "Total Cost of profits": 564,
        "Profit after tax corporate income": 3951,
        "Volume": 1000000,
        "Close of Quarter": 39.4,
        "EPS": 4850.3,
        "Non-adjusted EPS": 19401,
        "PE": 2.0,
        "Book Price": 6.2
      }
    },
    {
      "quarter": "Q4 2009",
      "income status": {
        "Net sales": 36007,
        "Cost of goods sold": 26070,
        "Gross Profit": 9937,
        "Financial expenses": 812,
        "Of which: Interest expense": "N/A",
        "Cost of sales": 1230,
        "Enterprise cost management": 2111,
        "Total Operating Expenses": 4153,
        "Total revenue financing activities": 14,
        "Net profit from business activities": 5797,
        "Profit": 415,
        "Profit before tax": 6212,
        "Present corporate income tax expenses": 535,
        "Deferred income taxes expenses": "N/A",
        "The interests of minority shareholders": "N/A",
        "Total Cost of profits": 535,
        "Profit after tax corporate income": 5677,
        "Volume": 1000000,
        "Close of Quarter": 39.3,
        "EPS": 4675.8,
        "Non-adjusted EPS": 18703,
        "PE": 2.1,
        "Book Price": 5.8
      }
    },
    {
      "quarter": "Q3 2009",
      "income status": {
        "Net sales": 27767,
        "Cost of goods sold": 18766,
        "Gross Profit": 9000,
        "Financial expenses": 720,
        "Of which: Interest expense": "N/A",
        "Cost of sales": 1284,
        "Enterprise cost management": 1934,
        "Total Operating Expenses": 3938,
        "Total revenue financing activities": 40,
        "Net profit from business activities": 5103,
        "Profit": 17,
        "Profit before tax": 5120,
        "Present corporate income tax expenses": 448,
        "Deferred income taxes expenses": "N/A",
        "The interests of minority shareholders": "N/A",
        "Total Cost of profits": 448,
        "Profit after tax corporate income": 4672,
        "Volume": 1000000,
        "Close of Quarter": 32.9,
        "EPS": 4237,
        "Non-adjusted EPS": 16948,
        "PE": 1.9,
        "Book Price": 5.4
      }
    },
    {
      "quarter": "Q2 2009",
      "income status": {
        "Net sales": 27661,
        "Cost of goods sold": 18591,
        "Gross Profit": 9070,
        "Financial expenses": 439,
        "Of which: Interest expense": "N/A",
        "Cost of sales": 1373,
        "Enterprise cost management": 1813,
        "Total Operating Expenses": 3625,
        "Total revenue financing activities": 107,
        "Net profit from business activities": 5551,
        "Profit": 41,
        "Profit before tax": 5593,
        "Present corporate income tax expenses": 491,
        "Deferred income taxes expenses": "N/A",
        "The interests of minority shareholders": "N/A",
        "Total Cost of profits": 491,
        "Profit after tax corporate income": 5101,
        "Volume": 1000000,
        "Close of Quarter": 27.7,
        "EPS": 3906.8,
        "Non-adjusted EPS": 15627,
        "PE": 1.8,
        "Book Price": 6.0
      }
    },
    {
      "quarter": "Q1 2009",
      "income status": {
        "Net sales": 28485,
        "Cost of goods sold": 20906,
        "Gross Profit": 7579,
        "Financial expenses": 936,
        "Of which: Interest expense": "N/A",
        "Cost of sales": 1546,
        "Enterprise cost management": 1550,
        "Total Operating Expenses": 4032,
        "Total revenue financing activities": 4,
        "Net profit from business activities": 3551,
        "Profit": 15,
        "Profit before tax": 3565,
        "Present corporate income tax expenses": 312,
        "Deferred income taxes expenses": "N/A",
        "The interests of minority shareholders": "N/A",
        "Total Cost of profits": 312,
        "Profit after tax corporate income": 3253,
        "Volume": 1000000,
        "Close of Quarter": 15.1,
        "EPS": 3332,
        "Non-adjusted EPS": 13328,
        "PE": 1.1,
        "Book Price": 5.5
      }
    },
    {
      "quarter": "Q4 2008",
      "income status": {
        "Net sales": 21364,
        "Cost of goods sold": 14966,
        "Gross Profit": 6398,
        "Financial expenses": -384,
        "Of which: Interest expense": "N/A",
        "Cost of sales": 1557,
        "Enterprise cost management": 1059,
        "Total Operating Expenses": 2232,
        "Total revenue financing activities": 149,
        "Net profit from business activities": 4314,
        "Profit": 41,
        "Profit before tax": 4355,
        "Present corporate income tax expenses": 434,
        "Deferred income taxes expenses": "N/A",
        "The interests of minority shareholders": "N/A",
        "Total Cost of profits": 434,
        "Profit after tax corporate income": 3922,
        "Volume": 1000000,
        "Close of Quarter": 15.7,
        "EPS": 3117,
        "Non-adjusted EPS": 12468,
        "PE": 1.3,
        "Book Price": 4.1
      }
    },
    {
      "quarter": "Q3 2008",
      "income status": {
        "Net sales": 26658,
        "Cost of goods sold": 17808,
        "Gross Profit": 8850,
        "Financial expenses": 1452,
        "Of which: Interest expense": "N/A",
        "Cost of sales": 1665,
        "Enterprise cost management": 1843,
        "Total Operating Expenses": 4960,
        "Total revenue financing activities": 1,
        "Net profit from business activities": 3891,
        "Profit": 3,
        "Profit before tax": 3894,
        "Present corporate income tax expenses": 543,
        "Deferred income taxes expenses": "N/A",
        "The interests of minority shareholders": "N/A",
        "Total Cost of profits": 543,
        "Profit after tax corporate income": 3351,
        "Volume": 500000,
        "Close of Quarter": 20.0,
        "EPS": 2409.8,
        "Non-adjusted EPS": 19278,
        "PE": 1.0,
        "Book Price": 4.1
      }
    },
    {
      "quarter": "Q2 2008",
      "income status": {
        "Net sales": 20511,
        "Cost of goods sold": 15892,
        "Gross Profit": 4619,
        "Financial expenses": 25,
        "Of which: Interest expense": "N/A",
        "Cost of sales": 576,
        "Enterprise cost management": 987,
        "Total Operating Expenses": 1588,
        "Total revenue financing activities": 216,
        "Net profit from business activities": 3247,
        "Profit": 13,
        "Profit before tax": 3260,
        "Present corporate income tax expenses": 458,
        "Deferred income taxes expenses": "N/A",
        "The interests of minority shareholders": "N/A",
        "Total Cost of profits": 458,
        "Profit after tax corporate income": 2802,
        "Volume": 500000,
        "Close of Quarter": 7.6,
        "EPS": 1692.3,
        "Non-adjusted EPS": 13538,
        "PE": 0.6,
        "Book Price": 3.3
      }
    },
    {
      "quarter": "Q1 2008",
      "income status": {
        "Net sales": 18936,
        "Cost of goods sold": 11071,
        "Gross Profit": 7865,
        "Financial expenses": 2880,
        "Of which: Interest expense": "N/A",
        "Cost of sales": 1038,
        "Enterprise cost management": 1170,
        "Total Operating Expenses": 5088,
        "Total revenue financing activities": 1,
        "Net profit from business activities": 2778,
        "Profit": 5,
        "Profit before tax": 2783,
        "Present corporate income tax expenses": 390,
        "Deferred income taxes expenses": "N/A",
        "The interests of minority shareholders": "N/A",
        "Total Cost of profits": 390,
        "Profit after tax corporate income": 2393,
        "Volume": 500000,
        "Close of Quarter": 6.9,
        "EPS": 1069,
        "Non-adjusted EPS": 8552,
        "PE": 0.8,
        "Book Price": 2.8
      }
    },
    {
      "quarter": "Q4 2007",
      "income status": {
        "Net sales": 18258,
        "Cost of goods sold": 15043,
        "Gross Profit": 3215,
        "Financial expenses": 688,
        "Of which: Interest expense": "N/A",
        "Cost of sales": 642,
        "Enterprise cost management": 736,
        "Total Operating Expenses": 2066,
        "Total revenue financing activities": 124,
        "Net profit from business activities": 1274,
        "Profit": -4,
        "Profit before tax": 1270,
        "Present corporate income tax expenses": 178,
        "Deferred income taxes expenses": "N/A",
        "The interests of minority shareholders": "N/A",
        "Total Cost of profits": 178,
        "Profit after tax corporate income": 1093,
        "Volume": 500000,
        "Close of Quarter": 6.9,
        "EPS": 539,
        "Non-adjusted EPS": 4312,
        "PE": 1.6,
        "Book Price": 2.1
      }
    },
    {
      "quarter": "Q3 2007",
      "income status": {
        "Net sales": 11085,
        "Cost of goods sold": 8733,
        "Gross Profit": 2353,
        "Financial expenses": 733,
        "Of which: Interest expense": "N/A",
        "Cost of sales": 452,
        "Enterprise cost management": 719,
        "Total Operating Expenses": 1904,
        "Total revenue financing activities": 106,
        "Net profit from business activities": 555,
        "Profit": 4,
        "Profit before tax": 559,
        "Present corporate income tax expenses": 78,
        "Deferred income taxes expenses": "N/A",
        "The interests of minority shareholders": "N/A",
        "Total Cost of profits": 78,
        "Profit after tax corporate income": 481,
        "Volume": 500000,
        "Close of Quarter": 6.7,
        "EPS": 644,
        "Non-adjusted EPS": 5152,
        "PE": 1.3,
        "Book Price": 2.1
      }
    },
    {
      "quarter": "Q2 2007",
      "income status": {
        "Net sales": 13510,
        "Cost of goods sold": 10741,
        "Gross Profit": 2769,
        "Financial expenses": 653,
        "Of which: Interest expense": "N/A",
        "Cost of sales": 717,
        "Enterprise cost management": 1150,
        "Total Operating Expenses": 2520,
        "Total revenue financing activities": 113,
        "Net profit from business activities": 362,
        "Profit": -3,
        "Profit before tax": 359,
        "Present corporate income tax expenses": 50,
        "Deferred income taxes expenses": "N/A",
        "The interests of minority shareholders": "N/A",
        "Total Cost of profits": 50,
        "Profit after tax corporate income": 309,
        "Volume": 500000,
        "Close of Quarter": 4.5,
        "EPS": 523.8,
        "Non-adjusted EPS": 4190,
        "PE": 1.1,
        "Book Price": 2.0
      }
    },
    {
      "quarter": "Q1 2007",
      "income status": {
        "Net sales": 10415,
        "Cost of goods sold": 8202,
        "Gross Profit": 2213,
        "Financial expenses": 831,
        "Of which: Interest expense": "N/A",
        "Cost of sales": 408,
        "Enterprise cost management": 701,
        "Total Operating Expenses": 1940,
        "Total revenue financing activities": 42,
        "Net profit from business activities": 315,
        "Profit": 2,
        "Profit before tax": 317,
        "Present corporate income tax expenses": 44,
        "Deferred income taxes expenses": "N/A",
        "The interests of minority shareholders": "N/A",
        "Total Cost of profits": 44,
        "Profit after tax corporate income": 273,
        "Volume": 500000,
        "Close of Quarter": 9.9,
        "EPS": 446.5,
        "Non-adjusted EPS": 3572,
        "PE": 2.8,
        "Book Price": 1.9
      }
    },
    {
      "quarter": "Q4 2006",
      "income status": {
        "Net sales": 48058,
        "Cost of goods sold": 36418,
        "Gross Profit": 11640,
        "Financial expenses": 3299,
        "Of which: Interest expense": "N/A",
        "Cost of sales": 3685,
        "Enterprise cost management": 3208,
        "Total Operating Expenses": 10192,
        "Total revenue financing activities": 298,
        "Net profit from business activities": 1747,
        "Profit": 12,
        "Profit before tax": 1759,
        "Present corporate income tax expenses": 246,
        "Deferred income taxes expenses": "N/A",
        "The interests of minority shareholders": "N/A",
        "Total Cost of profits": 246,
        "Profit after tax corporate income": 1513,
        "Volume": 500000,
        "Close of Quarter": 2.8,
        "EPS": 378.3,
        "Non-adjusted EPS": 3026,
        "PE": 0.9,
        "Book Price": 1.8
      }
    }
  ]
}