{
  "ticker": "DPS",
  "data": [
    {
      "quarter": "Q1 2017",
      "income status": {
        "Net sales": 209798,
        "Cost of goods sold": 203586,
        "Gross Profit": 6212,
        "Financial expenses": 4233,
        "Of which: Interest expense": 4233,
        "Cost of sales": 935,
        "Enterprise cost management": 684,
        "Total Operating Expenses": 5852,
        "Total revenue financing activities": 2033,
        "Net profit from business activities": 2393,
        "Profit": -25,
        "Profit before tax": 2368,
        "Present corporate income tax expenses": 474,
        "Deferred income taxes expenses": "N/A",
        "The interests of minority shareholders": "N/A",
        "Total Cost of profits": 474,
        "Profit after tax corporate income": 1895,
        "Volume": 30475948,
        "Close of Quarter": 2.6,
        "EPS": 265,
        "Non-adjusted EPS": 265,
        "PE": 9.8,
        "Book Price": 10.8
      }
    },
    {
      "quarter": "Q4 2016",
      "income status": {
        "Net sales": 323159,
        "Cost of goods sold": 318250,
        "Gross Profit": 4909,
        "Financial expenses": 2232,
        "Of which: Interest expense": 2232,
        "Cost of sales": 1058,
        "Enterprise cost management": -953,
        "Total Operating Expenses": 2337,
        "Total revenue financing activities": 35,
        "Net profit from business activities": 2608,
        "Profit": -965,
        "Profit before tax": 1644,
        "Present corporate income tax expenses": 525,
        "Deferred income taxes expenses": "N/A",
        "The interests of minority shareholders": "N/A",
        "Total Cost of profits": 525,
        "Profit after tax corporate income": 1119,
        "Volume": 30475948,
        "Close of Quarter": 2.2,
        "EPS": 493,
        "Non-adjusted EPS": 493,
        "PE": 4.5,
        "Book Price": 10.8
      }
    },
    {
      "quarter": "Q3 2016",
      "income status": {
        "Net sales": 269762,
        "Cost of goods sold": 260837,
        "Gross Profit": 8925,
        "Financial expenses": 3565,
        "Of which: Interest expense": 3565,
        "Cost of sales": 1009,
        "Enterprise cost management": 1027,
        "Total Operating Expenses": 5601,
        "Total revenue financing activities": 291,
        "Net profit from business activities": 3615,
        "Profit": -68,
        "Profit before tax": 3547,
        "Present corporate income tax expenses": 709,
        "Deferred income taxes expenses": "N/A",
        "The interests of minority shareholders": "N/A",
        "Total Cost of profits": 709,
        "Profit after tax corporate income": 2838,
        "Volume": 28854637,
        "Close of Quarter": 6.0,
        "EPS": 650.5,
        "Non-adjusted EPS": 687,
        "PE": 8.7,
        "Book Price": 10.7
      }
    },
    {
      "quarter": "Q2 2016",
      "income status": {
        "Net sales": 249679,
        "Cost of goods sold": 242806,
        "Gross Profit": 6873,
        "Financial expenses": 2376,
        "Of which: Interest expense": 2376,
        "Cost of sales": 783,
        "Enterprise cost management": 2715,
        "Total Operating Expenses": 5874,
        "Total revenue financing activities": 1550,
        "Net profit from business activities": 2549,
        "Profit": -58,
        "Profit before tax": 2491,
        "Present corporate income tax expenses": 271,
        "Deferred income taxes expenses": "N/A",
        "The interests of minority shareholders": "N/A",
        "Total Cost of profits": 271,
        "Profit after tax corporate income": 2220,
        "Volume": 16080000,
        "Close of Quarter": 6.7,
        "EPS": 630.0,
        "Non-adjusted EPS": 1194,
        "PE": 5.6,
        "Book Price": 6.4
      }
    },
    {
      "quarter": "Q1 2016",
      "income status": {
        "Net sales": 261650,
        "Cost of goods sold": 247850,
        "Gross Profit": 13800,
        "Financial expenses": 952,
        "Of which: Interest expense": 952,
        "Cost of sales": 551,
        "Enterprise cost management": 968,
        "Total Operating Expenses": 2471,
        "Total revenue financing activities": 1,
        "Net profit from business activities": 11331,
        "Profit": 22,
        "Profit before tax": 11353,
        "Present corporate income tax expenses": 2498,
        "Deferred income taxes expenses": "N/A",
        "The interests of minority shareholders": "N/A",
        "Total Cost of profits": 2498,
        "Profit after tax corporate income": 8855,
        "Volume": 16080000,
        "Close of Quarter": 6.3,
        "EPS": 821.0,
        "Non-adjusted EPS": 1556,
        "PE": 4.0,
        "Book Price": 6.4
      }
    },
    {
      "quarter": "Q4 2015",
      "income status": {
        "Net sales": 384349,
        "Cost of goods sold": 375584,
        "Gross Profit": 8764,
        "Financial expenses": 256,
        "Of which: Interest expense": 256,
        "Cost of sales": 122,
        "Enterprise cost management": 885,
        "Total Operating Expenses": 1263,
        "Total revenue financing activities": 101,
        "Net profit from business activities": 7603,
        "Profit": -30,
        "Profit before tax": 7573,
        "Present corporate income tax expenses": 1666,
        "Deferred income taxes expenses": "N/A",
        "The interests of minority shareholders": "N/A",
        "Total Cost of profits": 1666,
        "Profit after tax corporate income": 5907,
        "Volume": 16080000,
        "Close of Quarter": 10.0,
        "EPS": 599.4,
        "Non-adjusted EPS": 1136,
        "PE": 8.8,
        "Book Price": 6.1
      }
    },
    {
      "quarter": "Q3 2015",
      "income status": {
        "Net sales": 197049,
        "Cost of goods sold": 193575,
        "Gross Profit": 3474,
        "Financial expenses": 307,
        "Of which: Interest expense": 307,
        "Cost of sales": 124,
        "Enterprise cost management": 639,
        "Total Operating Expenses": 1070,
        "Total revenue financing activities": 434,
        "Net profit from business activities": 2839,
        "Profit": "N/A",
        "Profit before tax": 2839,
        "Present corporate income tax expenses": 625,
        "Deferred income taxes expenses": "N/A",
        "The interests of minority shareholders": "N/A",
        "Total Cost of profits": 625,
        "Profit after tax corporate income": 2214,
        "Volume": 16080000,
        "Close of Quarter": 10.8,
        "EPS": 405.8,
        "Non-adjusted EPS": 769,
        "PE": 14.0,
        "Book Price": 5.9
      }
    },
    {
      "quarter": "Q2 2015",
      "income status": {
        "Net sales": 256167,
        "Cost of goods sold": 244941,
        "Gross Profit": 11226,
        "Financial expenses": 458,
        "Of which: Interest expense": 458,
        "Cost of sales": -101,
        "Enterprise cost management": 840,
        "Total Operating Expenses": 1197,
        "Total revenue financing activities": 284,
        "Net profit from business activities": 10314,
        "Profit": -1,
        "Profit before tax": 10312,
        "Present corporate income tax expenses": 2269,
        "Deferred income taxes expenses": "N/A",
        "The interests of minority shareholders": "N/A",
        "Total Cost of profits": 2269,
        "Profit after tax corporate income": 8043,
        "Volume": 16080000,
        "Close of Quarter": 14.9,
        "EPS": 332.9,
        "Non-adjusted EPS": 631,
        "PE": 23.6,
        "Book Price": 5.8
      }
    },
    {
      "quarter": "Q1 2015",
      "income status": {
        "Net sales": 174747,
        "Cost of goods sold": 171335,
        "Gross Profit": 3412,
        "Financial expenses": 265,
        "Of which: Interest expense": 265,
        "Cost of sales": 101,
        "Enterprise cost management": 343,
        "Total Operating Expenses": 709,
        "Total revenue financing activities": "N/A",
        "Net profit from business activities": 2703,
        "Profit": "N/A",
        "Profit before tax": 2703,
        "Present corporate income tax expenses": 595,
        "Deferred income taxes expenses": "N/A",
        "The interests of minority shareholders": "N/A",
        "Total Cost of profits": 595,
        "Profit after tax corporate income": 2108,
        "Volume": 16080000,
        "Close of Quarter": "N/A",
        "EPS": 69.1,
        "Non-adjusted EPS": 131,
        "PE": "N/A",
        "Book Price": 5.5
      }
    }
  ]
}