{
  "ticker": "DBT",
  "data": [
    {
      "quarter": "Q1 2017",
      "income status": {
        "Net sales": 179781,
        "Cost of goods sold": 140942,
        "Gross Profit": 38839,
        "Financial expenses": 2906,
        "Of which: Interest expense": 2733,
        "Cost of sales": 20120,
        "Enterprise cost management": 9371,
        "Total Operating Expenses": 32397,
        "Total revenue financing activities": 293,
        "Net profit from business activities": 6736,
        "Profit": 201,
        "Profit before tax": 6937,
        "Present corporate income tax expenses": 1733,
        "Deferred income taxes expenses": "N/A",
        "The interests of minority shareholders": 59,
        "Total Cost of profits": 1792,
        "Profit after tax corporate income": 5144,
        "Volume": 11934702,
        "Close of Quarter": 17,
        "EPS": 2023,
        "Non-adjusted EPS": 2023,
        "PE": 8.4,
        "Book Price": 16.6
      }
    },
    {
      "quarter": "Q4 2016",
      "income status": {
        "Net sales": 156259,
        "Cost of goods sold": 119362,
        "Gross Profit": 36897,
        "Financial expenses": 3062,
        "Of which: Interest expense": 2673,
        "Cost of sales": 20278,
        "Enterprise cost management": 10907,
        "Total Operating Expenses": 34247,
        "Total revenue financing activities": 5930,
        "Net profit from business activities": 8580,
        "Profit": 2289,
        "Profit before tax": 10869,
        "Present corporate income tax expenses": 2137,
        "Deferred income taxes expenses": "N/A",
        "The interests of minority shareholders": "N/A",
        "Total Cost of profits": 2137,
        "Profit after tax corporate income": 8732,
        "Volume": 11934702,
        "Close of Quarter": 14.9,
        "EPS": 2109,
        "Non-adjusted EPS": 2109,
        "PE": 7.1,
        "Book Price": 10.9
      }
    },
    {
      "quarter": "Q3 2016",
      "income status": {
        "Net sales": 142467,
        "Cost of goods sold": 106637,
        "Gross Profit": 35830,
        "Financial expenses": 2350,
        "Of which: Interest expense": 2215,
        "Cost of sales": 19902,
        "Enterprise cost management": 8655,
        "Total Operating Expenses": 30907,
        "Total revenue financing activities": 500,
        "Net profit from business activities": 5423,
        "Profit": 328,
        "Profit before tax": 5751,
        "Present corporate income tax expenses": 1170,
        "Deferred income taxes expenses": "N/A",
        "The interests of minority shareholders": "N/A",
        "Total Cost of profits": 1170,
        "Profit after tax corporate income": 4581,
        "Volume": 7699808,
        "Close of Quarter": 15.2,
        "EPS": 2365.8,
        "Non-adjusted EPS": 3667,
        "PE": 4.2,
        "Book Price": 10.2
      }
    },
    {
      "quarter": "Q2 2016",
      "income status": {
        "Net sales": 142235,
        "Cost of goods sold": 105951,
        "Gross Profit": 36284,
        "Financial expenses": 3772,
        "Of which: Interest expense": 2343,
        "Cost of sales": 14536,
        "Enterprise cost management": 11312,
        "Total Operating Expenses": 29620,
        "Total revenue financing activities": 147,
        "Net profit from business activities": 6811,
        "Profit": 339,
        "Profit before tax": 7149,
        "Present corporate income tax expenses": 1461,
        "Deferred income taxes expenses": "N/A",
        "The interests of minority shareholders": "N/A",
        "Total Cost of profits": 1461,
        "Profit after tax corporate income": 5688,
        "Volume": 7699808,
        "Close of Quarter": 15.9,
        "EPS": 2076.1,
        "Non-adjusted EPS": 3218,
        "PE": 4.9,
        "Book Price": 9.8
      }
    },
    {
      "quarter": "Q1 2016",
      "income status": {
        "Net sales": 129142,
        "Cost of goods sold": 94652,
        "Gross Profit": 34490,
        "Financial expenses": 2408,
        "Of which: Interest expense": 2391,
        "Cost of sales": 15496,
        "Enterprise cost management": 9512,
        "Total Operating Expenses": 27416,
        "Total revenue financing activities": 402,
        "Net profit from business activities": 7476,
        "Profit": 273,
        "Profit before tax": 7749,
        "Present corporate income tax expenses": 1580,
        "Deferred income taxes expenses": "N/A",
        "The interests of minority shareholders": "N/A",
        "Total Cost of profits": 1580,
        "Profit after tax corporate income": 6169,
        "Volume": 7699808,
        "Close of Quarter": 12.8,
        "EPS": 2111.0,
        "Non-adjusted EPS": 3272,
        "PE": 3.9,
        "Book Price": 9.4
      }
    },
    {
      "quarter": "Q4 2015",
      "income status": {
        "Net sales": 153880,
        "Cost of goods sold": 120608,
        "Gross Profit": 33272,
        "Financial expenses": 2958,
        "Of which: Interest expense": 2631,
        "Cost of sales": 27378,
        "Enterprise cost management": 18659,
        "Total Operating Expenses": 48995,
        "Total revenue financing activities": 28390,
        "Net profit from business activities": 12666,
        "Profit": 3221,
        "Profit before tax": 15887,
        "Present corporate income tax expenses": 4092,
        "Deferred income taxes expenses": "N/A",
        "The interests of minority shareholders": "N/A",
        "Total Cost of profits": 4092,
        "Profit after tax corporate income": 11795,
        "Volume": 7699808,
        "Close of Quarter": 14.1,
        "EPS": 1860.7,
        "Non-adjusted EPS": 2884,
        "PE": 4.9,
        "Book Price": 9.6
      }
    },
    {
      "quarter": "Q3 2015",
      "income status": {
        "Net sales": 133164,
        "Cost of goods sold": 100015,
        "Gross Profit": 33148,
        "Financial expenses": 7159,
        "Of which: Interest expense": 2496,
        "Cost of sales": 17328,
        "Enterprise cost management": 9210,
        "Total Operating Expenses": 33697,
        "Total revenue financing activities": 676,
        "Net profit from business activities": 129,
        "Profit": 1708,
        "Profit before tax": 1837,
        "Present corporate income tax expenses": 709,
        "Deferred income taxes expenses": "N/A",
        "The interests of minority shareholders": "N/A",
        "Total Cost of profits": 709,
        "Profit after tax corporate income": 1128,
        "Volume": 6999895,
        "Close of Quarter": 13.1,
        "EPS": 1127.9,
        "Non-adjusted EPS": 1923,
        "PE": 6.8,
        "Book Price": 8.6
      }
    },
    {
      "quarter": "Q2 2015",
      "income status": {
        "Net sales": 139521,
        "Cost of goods sold": 107149,
        "Gross Profit": 32372,
        "Financial expenses": 4418,
        "Of which: Interest expense": 2099,
        "Cost of sales": 16761,
        "Enterprise cost management": 8135,
        "Total Operating Expenses": 29314,
        "Total revenue financing activities": 2986,
        "Net profit from business activities": 6044,
        "Profit": 1746,
        "Profit before tax": 7790,
        "Present corporate income tax expenses": 1686,
        "Deferred income taxes expenses": "N/A",
        "The interests of minority shareholders": "N/A",
        "Total Cost of profits": 1686,
        "Profit after tax corporate income": 6104,
        "Volume": 6999895,
        "Close of Quarter": 13.3,
        "EPS": 1260.4,
        "Non-adjusted EPS": 2149,
        "PE": 6.2,
        "Book Price": 8.5
      }
    },
    {
      "quarter": "Q1 2015",
      "income status": {
        "Net sales": 125551,
        "Cost of goods sold": 97863,
        "Gross Profit": 27688,
        "Financial expenses": 2158,
        "Of which: Interest expense": 1968,
        "Cost of sales": 14435,
        "Enterprise cost management": 10824,
        "Total Operating Expenses": 27417,
        "Total revenue financing activities": 2503,
        "Net profit from business activities": 2774,
        "Profit": 1324,
        "Profit before tax": 4098,
        "Present corporate income tax expenses": 921,
        "Deferred income taxes expenses": "N/A",
        "The interests of minority shareholders": "N/A",
        "Total Cost of profits": 921,
        "Profit after tax corporate income": 3177,
        "Volume": 6999895,
        "Close of Quarter": 13.1,
        "EPS": 1022.3,
        "Non-adjusted EPS": 1743,
        "PE": 7.5,
        "Book Price": 8.0
      }
    },
    {
      "quarter": "Q4 2014",
      "income status": {
        "Net sales": 138521,
        "Cost of goods sold": 113018,
        "Gross Profit": 25503,
        "Financial expenses": 2440,
        "Of which: Interest expense": 2058,
        "Cost of sales": 23293,
        "Enterprise cost management": 4417,
        "Total Operating Expenses": 30150,
        "Total revenue financing activities": 6139,
        "Net profit from business activities": 1492,
        "Profit": 2857,
        "Profit before tax": 4349,
        "Present corporate income tax expenses": 1296,
        "Deferred income taxes expenses": "N/A",
        "The interests of minority shareholders": "N/A",
        "Total Cost of profits": 1296,
        "Profit after tax corporate income": 3053,
        "Volume": 6999895,
        "Close of Quarter": 13.4,
        "EPS": 949.6,
        "Non-adjusted EPS": 1619,
        "PE": 8.3,
        "Book Price": 7.7
      }
    },
    {
      "quarter": "Q3 2014",
      "income status": {
        "Net sales": 125651,
        "Cost of goods sold": 104624,
        "Gross Profit": 21027,
        "Financial expenses": 2479,
        "Of which: Interest expense": 2398,
        "Cost of sales": 19548,
        "Enterprise cost management": 3496,
        "Total Operating Expenses": 25523,
        "Total revenue financing activities": 595,
        "Net profit from business activities": -3900,
        "Profit": 7375,
        "Profit before tax": 3475,
        "Present corporate income tax expenses": 769,
        "Deferred income taxes expenses": "N/A",
        "The interests of minority shareholders": "N/A",
        "Total Cost of profits": 769,
        "Profit after tax corporate income": 2706,
        "Volume": 3000000,
        "Close of Quarter": 11.4,
        "EPS": 894.9,
        "Non-adjusted EPS": 3560,
        "PE": 3.2,
        "Book Price": 7.7
      }
    },
    {
      "quarter": "Q2 2014",
      "income status": {
        "Net sales": 134939,
        "Cost of goods sold": 111517,
        "Gross Profit": 23423,
        "Financial expenses": 3738,
        "Of which: Interest expense": 2653,
        "Cost of sales": 18454,
        "Enterprise cost management": 3133,
        "Total Operating Expenses": 25325,
        "Total revenue financing activities": 1797,
        "Net profit from business activities": -105,
        "Profit": 4567,
        "Profit before tax": 4462,
        "Present corporate income tax expenses": 1197,
        "Deferred income taxes expenses": "N/A",
        "The interests of minority shareholders": "N/A",
        "Total Cost of profits": 1197,
        "Profit after tax corporate income": 3265,
        "Volume": 2948500,
        "Close of Quarter": 10.4,
        "EPS": 857.5,
        "Non-adjusted EPS": 3471,
        "PE": 3.0,
        "Book Price": 7.4
      }
    },
    {
      "quarter": "Q1 2014",
      "income status": {
        "Net sales": 124144,
        "Cost of goods sold": 102550,
        "Gross Profit": 21594,
        "Financial expenses": 2929,
        "Of which: Interest expense": 2279,
        "Cost of sales": 15910,
        "Enterprise cost management": 2863,
        "Total Operating Expenses": 21702,
        "Total revenue financing activities": 940,
        "Net profit from business activities": 833,
        "Profit": 2122,
        "Profit before tax": 2955,
        "Present corporate income tax expenses": 647,
        "Deferred income taxes expenses": "N/A",
        "The interests of minority shareholders": "N/A",
        "Total Cost of profits": 647,
        "Profit after tax corporate income": 2308,
        "Volume": 2948500,
        "Close of Quarter": 10.4,
        "EPS": 870.4,
        "Non-adjusted EPS": 3523,
        "PE": 3.0,
        "Book Price": 7.4
      }
    },
    {
      "quarter": "Q4 2013",
      "income status": {
        "Net sales": 139206,
        "Cost of goods sold": 109623,
        "Gross Profit": 29583,
        "Financial expenses": 4565,
        "Of which: Interest expense": 2538,
        "Cost of sales": 25545,
        "Enterprise cost management": -1196,
        "Total Operating Expenses": 28914,
        "Total revenue financing activities": 1032,
        "Net profit from business activities": 1702,
        "Profit": 2289,
        "Profit before tax": 3990,
        "Present corporate income tax expenses": 1652,
        "Deferred income taxes expenses": -75,
        "The interests of minority shareholders": 13,
        "Total Cost of profits": 1590,
        "Profit after tax corporate income": 2401,
        "Volume": 2948500,
        "Close of Quarter": 8.7,
        "EPS": 854.3,
        "Non-adjusted EPS": 3458,
        "PE": 2.5,
        "Book Price": 7.2
      }
    },
    {
      "quarter": "Q3 2013",
      "income status": {
        "Net sales": 136632,
        "Cost of goods sold": 108502,
        "Gross Profit": 28130,
        "Financial expenses": 5689,
        "Of which: Interest expense": 4096,
        "Cost of sales": 20120,
        "Enterprise cost management": 4290,
        "Total Operating Expenses": 30099,
        "Total revenue financing activities": 228,
        "Net profit from business activities": -1741,
        "Profit": 4849,
        "Profit before tax": 3108,
        "Present corporate income tax expenses": 1017,
        "Deferred income taxes expenses": "N/A",
        "The interests of minority shareholders": -171,
        "Total Cost of profits": 846,
        "Profit after tax corporate income": 2261,
        "Volume": 2948500,
        "Close of Quarter": 8.5,
        "EPS": 1011.4,
        "Non-adjusted EPS": 4094,
        "PE": 2.1,
        "Book Price": 7.5
      }
    },
    {
      "quarter": "Q2 2013",
      "income status": {
        "Net sales": 138890,
        "Cost of goods sold": 113315,
        "Gross Profit": 25575,
        "Financial expenses": 3181,
        "Of which: Interest expense": 1984,
        "Cost of sales": 16680,
        "Enterprise cost management": 7179,
        "Total Operating Expenses": 27040,
        "Total revenue financing activities": 3398,
        "Net profit from business activities": 1933,
        "Profit": 3550,
        "Profit before tax": 5484,
        "Present corporate income tax expenses": 2305,
        "Deferred income taxes expenses": "N/A",
        "The interests of minority shareholders": -238,
        "Total Cost of profits": 2067,
        "Profit after tax corporate income": 3417,
        "Volume": 2948500,
        "Close of Quarter": 7.7,
        "EPS": 1033.2,
        "Non-adjusted EPS": 4182,
        "PE": 1.8,
        "Book Price": 7.0
      }
    },
    {
      "quarter": "Q1 2013",
      "income status": {
        "Net sales": 141722,
        "Cost of goods sold": 112239,
        "Gross Profit": 29484,
        "Financial expenses": 5315,
        "Of which: Interest expense": 4096,
        "Cost of sales": 17508,
        "Enterprise cost management": 6069,
        "Total Operating Expenses": 28892,
        "Total revenue financing activities": 534,
        "Net profit from business activities": 1125,
        "Profit": 2184,
        "Profit before tax": 3309,
        "Present corporate income tax expenses": 954,
        "Deferred income taxes expenses": "N/A",
        "The interests of minority shareholders": 238,
        "Total Cost of profits": 1192,
        "Profit after tax corporate income": 2117,
        "Volume": 2948500,
        "Close of Quarter": 9.1,
        "EPS": 1059.6,
        "Non-adjusted EPS": 4289,
        "PE": 2.1,
        "Book Price": 7.5
      }
    },
    {
      "quarter": "Q4 2012",
      "income status": {
        "Net sales": 158144,
        "Cost of goods sold": 125470,
        "Gross Profit": 32674,
        "Financial expenses": 5615,
        "Of which: Interest expense": 4194,
        "Cost of sales": 21620,
        "Enterprise cost management": 6779,
        "Total Operating Expenses": 34014,
        "Total revenue financing activities": 1323,
        "Net profit from business activities": -18,
        "Profit": 6501,
        "Profit before tax": 6483,
        "Present corporate income tax expenses": 1603,
        "Deferred income taxes expenses": -55,
        "The interests of minority shareholders": 660,
        "Total Cost of profits": 2208,
        "Profit after tax corporate income": 4275,
        "Volume": 2948500,
        "Close of Quarter": 5.6,
        "EPS": 1053.7,
        "Non-adjusted EPS": 4265,
        "PE": 1.3,
        "Book Price": 7.0
      }
    },
    {
      "quarter": "Q3 2012",
      "income status": {
        "Net sales": 146661,
        "Cost of goods sold": 116468,
        "Gross Profit": 30193,
        "Financial expenses": 6281,
        "Of which: Interest expense": 4624,
        "Cost of sales": 20643,
        "Enterprise cost management": 3861,
        "Total Operating Expenses": 30785,
        "Total revenue financing activities": 245,
        "Net profit from business activities": -346,
        "Profit": 3631,
        "Profit before tax": 3286,
        "Present corporate income tax expenses": 961,
        "Deferred income taxes expenses": "N/A",
        "The interests of minority shareholders": -198,
        "Total Cost of profits": 763,
        "Profit after tax corporate income": 2523,
        "Volume": 2948500,
        "Close of Quarter": 5.0,
        "EPS": 936.6,
        "Non-adjusted EPS": 3791,
        "PE": 1.3,
        "Book Price": 6.8
      }
    },
    {
      "quarter": "Q2 2012",
      "income status": {
        "Net sales": 146250,
        "Cost of goods sold": 114031,
        "Gross Profit": 32219,
        "Financial expenses": 6336,
        "Of which: Interest expense": 6006,
        "Cost of sales": 18712,
        "Enterprise cost management": 5474,
        "Total Operating Expenses": 30522,
        "Total revenue financing activities": 2586,
        "Net profit from business activities": 4284,
        "Profit": 1400,
        "Profit before tax": 5684,
        "Present corporate income tax expenses": 984,
        "Deferred income taxes expenses": 112,
        "The interests of minority shareholders": 857,
        "Total Cost of profits": 1953,
        "Profit after tax corporate income": 3731,
        "Volume": 2948500,
        "Close of Quarter": 5.0,
        "EPS": 877.8,
        "Non-adjusted EPS": 3553,
        "PE": 1.4,
        "Book Price": 6.7
      }
    },
    {
      "quarter": "Q1 2012",
      "income status": {
        "Net sales": 132354,
        "Cost of goods sold": 106980,
        "Gross Profit": 25373,
        "Financial expenses": 7336,
        "Of which: Interest expense": 6101,
        "Cost of sales": 12789,
        "Enterprise cost management": 5299,
        "Total Operating Expenses": 25424,
        "Total revenue financing activities": 254,
        "Net profit from business activities": 202,
        "Profit": 2490,
        "Profit before tax": 2692,
        "Present corporate income tax expenses": 773,
        "Deferred income taxes expenses": "N/A",
        "The interests of minority shareholders": -126,
        "Total Cost of profits": 647,
        "Profit after tax corporate income": 2045,
        "Volume": 2948500,
        "Close of Quarter": 4.5,
        "EPS": 883.2,
        "Non-adjusted EPS": 3575,
        "PE": 1.3,
        "Book Price": 6.6
      }
    },
    {
      "quarter": "Q4 2011",
      "income status": {
        "Net sales": 137232,
        "Cost of goods sold": 111864,
        "Gross Profit": 25368,
        "Financial expenses": 8151,
        "Of which: Interest expense": 6306,
        "Cost of sales": 21329,
        "Enterprise cost management": 2612,
        "Total Operating Expenses": 32092,
        "Total revenue financing activities": 4625,
        "Net profit from business activities": -2100,
        "Profit": 7305,
        "Profit before tax": 5206,
        "Present corporate income tax expenses": 2322,
        "Deferred income taxes expenses": 5,
        "The interests of minority shareholders": "N/A",
        "Total Cost of profits": 2327,
        "Profit after tax corporate income": 2879,
        "Volume": 2948500,
        "Close of Quarter": 4.5,
        "EPS": 917.8,
        "Non-adjusted EPS": 3715,
        "PE": 1.2,
        "Book Price": 6.4
      }
    },
    {
      "quarter": "Q3 2011",
      "income status": {
        "Net sales": 123796,
        "Cost of goods sold": 100456,
        "Gross Profit": 23340,
        "Financial expenses": 6505,
        "Of which: Interest expense": 4578,
        "Cost of sales": 10386,
        "Enterprise cost management": 4730,
        "Total Operating Expenses": 21621,
        "Total revenue financing activities": 508,
        "Net profit from business activities": 2227,
        "Profit": 1415,
        "Profit before tax": 3641,
        "Present corporate income tax expenses": 1822,
        "Deferred income taxes expenses": "N/A",
        "The interests of minority shareholders": "N/A",
        "Total Cost of profits": 1822,
        "Profit after tax corporate income": 1820,
        "Volume": 2948500,
        "Close of Quarter": 4.5,
        "EPS": 927.4,
        "Non-adjusted EPS": 3754,
        "PE": 1.2,
        "Book Price": 6.4
      }
    },
    {
      "quarter": "Q2 2011",
      "income status": {
        "Net sales": 128683,
        "Cost of goods sold": 98987,
        "Gross Profit": 29696,
        "Financial expenses": 6281,
        "Of which: Interest expense": "N/A",
        "Cost of sales": 16448,
        "Enterprise cost management": 4161,
        "Total Operating Expenses": 26890,
        "Total revenue financing activities": 530,
        "Net profit from business activities": 3336,
        "Profit": 2422,
        "Profit before tax": 5758,
        "Present corporate income tax expenses": 985,
        "Deferred income taxes expenses": 64,
        "The interests of minority shareholders": 914,
        "Total Cost of profits": 1963,
        "Profit after tax corporate income": 3796,
        "Volume": 2948500,
        "Close of Quarter": 4.6,
        "EPS": 1056.2,
        "Non-adjusted EPS": 4275,
        "PE": 1.1,
        "Book Price": 6.5
      }
    },
    {
      "quarter": "Q1 2011",
      "income status": {
        "Net sales": 114818,
        "Cost of goods sold": 88403,
        "Gross Profit": 26415,
        "Financial expenses": 9091,
        "Of which: Interest expense": "N/A",
        "Cost of sales": 12548,
        "Enterprise cost management": 3802,
        "Total Operating Expenses": 25441,
        "Total revenue financing activities": 641,
        "Net profit from business activities": 1615,
        "Profit": 1812,
        "Profit before tax": 3428,
        "Present corporate income tax expenses": 780,
        "Deferred income taxes expenses": "N/A",
        "The interests of minority shareholders": 190,
        "Total Cost of profits": 970,
        "Profit after tax corporate income": 2458,
        "Volume": 2948500,
        "Close of Quarter": 6.2,
        "EPS": 961.5,
        "Non-adjusted EPS": 3892,
        "PE": 1.6,
        "Book Price": 6.3
      }
    },
    {
      "quarter": "Q4 2010",
      "income status": {
        "Net sales": 124006,
        "Cost of goods sold": 96327,
        "Gross Profit": 27679,
        "Financial expenses": 5414,
        "Of which: Interest expense": 3565,
        "Cost of sales": 20736,
        "Enterprise cost management": 3654,
        "Total Operating Expenses": 29804,
        "Total revenue financing activities": 630,
        "Net profit from business activities": -1495,
        "Profit": 5572,
        "Profit before tax": 4077,
        "Present corporate income tax expenses": 1082,
        "Deferred income taxes expenses": "N/A",
        "The interests of minority shareholders": "N/A",
        "Total Cost of profits": 1082,
        "Profit after tax corporate income": 2995,
        "Volume": 2991900,
        "Close of Quarter": 6.4,
        "EPS": 911.8,
        "Non-adjusted EPS": 3637,
        "PE": 1.8,
        "Book Price": 6.1
      }
    },
    {
      "quarter": "Q3 2010",
      "income status": {
        "Net sales": 113368,
        "Cost of goods sold": 87050,
        "Gross Profit": 26318,
        "Financial expenses": 4950,
        "Of which: Interest expense": "N/A",
        "Cost of sales": 13826,
        "Enterprise cost management": 4944,
        "Total Operating Expenses": 23720,
        "Total revenue financing activities": 442,
        "Net profit from business activities": 3040,
        "Profit": 1699,
        "Profit before tax": 4739,
        "Present corporate income tax expenses": 964,
        "Deferred income taxes expenses": "N/A",
        "The interests of minority shareholders": 419,
        "Total Cost of profits": 1383,
        "Profit after tax corporate income": 3357,
        "Volume": 2991900,
        "Close of Quarter": 6.2,
        "EPS": 830.5,
        "Non-adjusted EPS": 3313,
        "PE": 1.9,
        "Book Price": 6.1
      }
    },
    {
      "quarter": "Q2 2010",
      "income status": {
        "Net sales": 109549,
        "Cost of goods sold": 85471,
        "Gross Profit": 24078,
        "Financial expenses": 5748,
        "Of which: Interest expense": "N/A",
        "Cost of sales": 13229,
        "Enterprise cost management": 4931,
        "Total Operating Expenses": 23908,
        "Total revenue financing activities": 1896,
        "Net profit from business activities": 2066,
        "Profit": 2737,
        "Profit before tax": 4803,
        "Present corporate income tax expenses": 1884,
        "Deferred income taxes expenses": -277,
        "The interests of minority shareholders": 529,
        "Total Cost of profits": 2136,
        "Profit after tax corporate income": 2667,
        "Volume": 3000000,
        "Close of Quarter": 7.0,
        "EPS": 715.6,
        "Non-adjusted EPS": 2847,
        "PE": 2.5,
        "Book Price": 6.1
      }
    },
    {
      "quarter": "Q1 2010",
      "income status": {
        "Net sales": 105181,
        "Cost of goods sold": 83231,
        "Gross Profit": 21950,
        "Financial expenses": 3955,
        "Of which: Interest expense": "N/A",
        "Cost of sales": 11739,
        "Enterprise cost management": 5931,
        "Total Operating Expenses": 21625,
        "Total revenue financing activities": 1134,
        "Net profit from business activities": 1459,
        "Profit": 933,
        "Profit before tax": 2392,
        "Present corporate income tax expenses": 716,
        "Deferred income taxes expenses": "N/A",
        "The interests of minority shareholders": -188,
        "Total Cost of profits": 528,
        "Profit after tax corporate income": 1864,
        "Volume": 3000000,
        "Close of Quarter": 6.8,
        "EPS": 577.6,
        "Non-adjusted EPS": 2298,
        "PE": 3.0,
        "Book Price": 5.9
      }
    },
    {
      "quarter": "Q4 2009",
      "income status": {
        "Net sales": 120541,
        "Cost of goods sold": 97740,
        "Gross Profit": 22801,
        "Financial expenses": 9163,
        "Of which: Interest expense": 2924,
        "Cost of sales": 15952,
        "Enterprise cost management": 3927,
        "Total Operating Expenses": 29042,
        "Total revenue financing activities": 4516,
        "Net profit from business activities": -1725,
        "Profit": 3878,
        "Profit before tax": 2154,
        "Present corporate income tax expenses": 259,
        "Deferred income taxes expenses": 22,
        "The interests of minority shareholders": -150,
        "Total Cost of profits": 131,
        "Profit after tax corporate income": 2023,
        "Volume": 3000000,
        "Close of Quarter": 7.0,
        "EPS": 421.3,
        "Non-adjusted EPS": 1676,
        "PE": 4.2,
        "Book Price": 5.9
      }
    },
    {
      "quarter": "Q3 2009",
      "income status": {
        "Net sales": 106156,
        "Cost of goods sold": 81929,
        "Gross Profit": 24227,
        "Financial expenses": 6516,
        "Of which: Interest expense": "N/A",
        "Cost of sales": 14154,
        "Enterprise cost management": 3618,
        "Total Operating Expenses": 24288,
        "Total revenue financing activities": 1512,
        "Net profit from business activities": 1451,
        "Profit": 1666,
        "Profit before tax": 3116,
        "Present corporate income tax expenses": 476,
        "Deferred income taxes expenses": -349,
        "The interests of minority shareholders": 1002,
        "Total Cost of profits": 1129,
        "Profit after tax corporate income": 1988,
        "Volume": 3000000,
        "Close of Quarter": "N/A",
        "EPS": 251.9,
        "Non-adjusted EPS": 1002,
        "PE": "N/A",
        "Book Price": 5.8
      }
    },
    {
      "quarter": "Q1 2009",
      "income status": {
        "Net sales": 88041,
        "Cost of goods sold": 71763,
        "Gross Profit": 16277,
        "Financial expenses": 5519,
        "Of which: Interest expense": "N/A",
        "Cost of sales": 8959,
        "Enterprise cost management": 3485,
        "Total Operating Expenses": 17963,
        "Total revenue financing activities": 2377,
        "Net profit from business activities": 691,
        "Profit": 686,
        "Profit before tax": 1377,
        "Present corporate income tax expenses": 181,
        "Deferred income taxes expenses": "N/A",
        "The interests of minority shareholders": 178,
        "Total Cost of profits": 359,
        "Profit after tax corporate income": 1018,
        "Volume": 3000000,
        "Close of Quarter": "N/A",
        "EPS": 85.2,
        "Non-adjusted EPS": 339,
        "PE": "N/A",
        "Book Price": "N/A"
      }
    }
  ]
}