{
  "ticker": "FCN",
  "data": [
    {
      "quarter": "Q1 2017",
      "income status": {
        "Net sales": 295669,
        "Cost of goods sold": 246889,
        "Gross Profit": 48779,
        "Financial expenses": 15301,
        "Of which: Interest expense": 14416,
        "Cost of sales": 2381,
        "Enterprise cost management": 24417,
        "Total Operating Expenses": 42099,
        "Total revenue financing activities": 9608,
        "Net profit from business activities": 20129,
        "Profit": -36,
        "Profit before tax": 20093,
        "Present corporate income tax expenses": 3536,
        "Deferred income taxes expenses": 30,
        "The interests of minority shareholders": -2102,
        "Total Cost of profits": 1464,
        "Profit after tax corporate income": 18628,
        "Volume": 49499422,
        "Close of Quarter": 18.9,
        "EPS": 2977,
        "Non-adjusted EPS": 2977,
        "PE": 6.4,
        "Book Price": 26
      }
    },
    {
      "quarter": "Q4 2016",
      "income status": {
        "Net sales": 940126,
        "Cost of goods sold": 783521,
        "Gross Profit": 156605,
        "Financial expenses": 32351,
        "Of which: Interest expense": 28408,
        "Cost of sales": 1502,
        "Enterprise cost management": 29538,
        "Total Operating Expenses": 63391,
        "Total revenue financing activities": 8135,
        "Net profit from business activities": 108049,
        "Profit": -1108,
        "Profit before tax": 106941,
        "Present corporate income tax expenses": 21183,
        "Deferred income taxes expenses": "N/A",
        "The interests of minority shareholders": 12351,
        "Total Cost of profits": 33534,
        "Profit after tax corporate income": 73407,
        "Volume": 47722854,
        "Close of Quarter": 18.4,
        "EPS": 3032.1,
        "Non-adjusted EPS": 3145,
        "PE": 5.8,
        "Book Price": 23.3
      }
    },
    {
      "quarter": "Q3 2016",
      "income status": {
        "Net sales": 522587,
        "Cost of goods sold": 465339,
        "Gross Profit": 57249,
        "Financial expenses": 16551,
        "Of which: Interest expense": 16181,
        "Cost of sales": 2066,
        "Enterprise cost management": 23851,
        "Total Operating Expenses": 42468,
        "Total revenue financing activities": 14931,
        "Net profit from business activities": 37902,
        "Profit": 712,
        "Profit before tax": 38613,
        "Present corporate income tax expenses": 4043,
        "Deferred income taxes expenses": 30,
        "The interests of minority shareholders": 2287,
        "Total Cost of profits": 6360,
        "Profit after tax corporate income": 32253,
        "Volume": 45722854,
        "Close of Quarter": 20.0,
        "EPS": 3027.9,
        "Non-adjusted EPS": 3278,
        "PE": 6.1,
        "Book Price": 20.1
      }
    },
    {
      "quarter": "Q2 2016",
      "income status": {
        "Net sales": 359837,
        "Cost of goods sold": 284384,
        "Gross Profit": 75453,
        "Financial expenses": 23906,
        "Of which: Interest expense": 23018,
        "Cost of sales": 2342,
        "Enterprise cost management": 30958,
        "Total Operating Expenses": 57206,
        "Total revenue financing activities": 2002,
        "Net profit from business activities": 27361,
        "Profit": 1738,
        "Profit before tax": 29099,
        "Present corporate income tax expenses": 5135,
        "Deferred income taxes expenses": -30,
        "The interests of minority shareholders": 933,
        "Total Cost of profits": 6038,
        "Profit after tax corporate income": 23061,
        "Volume": 45722854,
        "Close of Quarter": 18.6,
        "EPS": 2700.9,
        "Non-adjusted EPS": 2924,
        "PE": 6.4,
        "Book Price": 19.9
      }
    },
    {
      "quarter": "Q1 2016",
      "income status": {
        "Net sales": 284391,
        "Cost of goods sold": 238418,
        "Gross Profit": 45972,
        "Financial expenses": 48789,
        "Of which: Interest expense": 11913,
        "Cost of sales": 2904,
        "Enterprise cost management": 20643,
        "Total Operating Expenses": 72336,
        "Total revenue financing activities": 48626,
        "Net profit from business activities": 26347,
        "Profit": 174,
        "Profit before tax": 26521,
        "Present corporate income tax expenses": 5192,
        "Deferred income taxes expenses": 30,
        "The interests of minority shareholders": -87,
        "Total Cost of profits": 5135,
        "Profit after tax corporate income": 21386,
        "Volume": 45722854,
        "Close of Quarter": 19.6,
        "EPS": 2752.6,
        "Non-adjusted EPS": 2980,
        "PE": 6.6,
        "Book Price": 20.3
      }
    },
    {
      "quarter": "Q4 2015",
      "income status": {
        "Net sales": 776051,
        "Cost of goods sold": 643373,
        "Gross Profit": 132679,
        "Financial expenses": 106042,
        "Of which: Interest expense": 21102,
        "Cost of sales": 2007,
        "Enterprise cost management": 31680,
        "Total Operating Expenses": 139729,
        "Total revenue financing activities": 112237,
        "Net profit from business activities": 108925,
        "Profit": 604,
        "Profit before tax": 109529,
        "Present corporate income tax expenses": 23220,
        "Deferred income taxes expenses": -57,
        "The interests of minority shareholders": 13187,
        "Total Cost of profits": 36350,
        "Profit after tax corporate income": 73180,
        "Volume": 45722854,
        "Close of Quarter": 18.7,
        "EPS": 2857.9,
        "Non-adjusted EPS": 3094,
        "PE": 6.0,
        "Book Price": 20.2
      }
    },
    {
      "quarter": "Q3 2015",
      "income status": {
        "Net sales": 341193,
        "Cost of goods sold": 284149,
        "Gross Profit": 57045,
        "Financial expenses": 17241,
        "Of which: Interest expense": 11562,
        "Cost of sales": 3249,
        "Enterprise cost management": 28242,
        "Total Operating Expenses": 48732,
        "Total revenue financing activities": 2514,
        "Net profit from business activities": 16431,
        "Profit": 1594,
        "Profit before tax": 18024,
        "Present corporate income tax expenses": 2673,
        "Deferred income taxes expenses": "N/A",
        "The interests of minority shareholders": -718,
        "Total Cost of profits": 1955,
        "Profit after tax corporate income": 16069,
        "Volume": 45722854,
        "Close of Quarter": 18.4,
        "EPS": 3148.0,
        "Non-adjusted EPS": 3408,
        "PE": 5.4,
        "Book Price": 15.8
      }
    },
    {
      "quarter": "Q2 2015",
      "income status": {
        "Net sales": 293105,
        "Cost of goods sold": 247981,
        "Gross Profit": 45123,
        "Financial expenses": 16660,
        "Of which: Interest expense": 15366,
        "Cost of sales": 4453,
        "Enterprise cost management": 19262,
        "Total Operating Expenses": 40375,
        "Total revenue financing activities": 20477,
        "Net profit from business activities": 30997,
        "Profit": -2621,
        "Profit before tax": 28376,
        "Present corporate income tax expenses": 910,
        "Deferred income taxes expenses": 88,
        "The interests of minority shareholders": 1755,
        "Total Cost of profits": 2753,
        "Profit after tax corporate income": 25623,
        "Volume": 45722854,
        "Close of Quarter": 18.9,
        "EPS": 2934.6,
        "Non-adjusted EPS": 3177,
        "PE": 5.9,
        "Book Price": 16.4
      }
    },
    {
      "quarter": "Q1 2015",
      "income status": {
        "Net sales": 250204,
        "Cost of goods sold": 195384,
        "Gross Profit": 54821,
        "Financial expenses": 8217,
        "Of which: Interest expense": 7413,
        "Cost of sales": 2774,
        "Enterprise cost management": 16504,
        "Total Operating Expenses": 27495,
        "Total revenue financing activities": 802,
        "Net profit from business activities": 32166,
        "Profit": 87,
        "Profit before tax": 32253,
        "Present corporate income tax expenses": 6465,
        "Deferred income taxes expenses": "N/A",
        "The interests of minority shareholders": -813,
        "Total Cost of profits": 5652,
        "Profit after tax corporate income": 26601,
        "Volume": 45722854,
        "Close of Quarter": 19.3,
        "EPS": 2987.3,
        "Non-adjusted EPS": 3234,
        "PE": 6.0,
        "Book Price": 16.3
      }
    },
    {
      "quarter": "Q4 2014",
      "income status": {
        "Net sales": 763338,
        "Cost of goods sold": 634328,
        "Gross Profit": 129011,
        "Financial expenses": 13805,
        "Of which: Interest expense": 12272,
        "Cost of sales": 3193,
        "Enterprise cost management": 18717,
        "Total Operating Expenses": 35715,
        "Total revenue financing activities": 1460,
        "Net profit from business activities": 110401,
        "Profit": 639,
        "Profit before tax": 111040,
        "Present corporate income tax expenses": 20963,
        "Deferred income taxes expenses": -16,
        "The interests of minority shareholders": 2559,
        "Total Cost of profits": 23506,
        "Profit after tax corporate income": 87535,
        "Volume": 45722854,
        "Close of Quarter": 18.1,
        "EPS": 2962.3,
        "Non-adjusted EPS": 3207,
        "PE": 5.6,
        "Book Price": 16.0
      }
    },
    {
      "quarter": "Q3 2014",
      "income status": {
        "Net sales": 120798,
        "Cost of goods sold": 92411,
        "Gross Profit": 28387,
        "Financial expenses": 6504,
        "Of which: Interest expense": 6388,
        "Cost of sales": 1485,
        "Enterprise cost management": 14768,
        "Total Operating Expenses": 22757,
        "Total revenue financing activities": 2051,
        "Net profit from business activities": 7501,
        "Profit": -891,
        "Profit before tax": 6610,
        "Present corporate income tax expenses": 1619,
        "Deferred income taxes expenses": -58,
        "The interests of minority shareholders": -453,
        "Total Cost of profits": 1108,
        "Profit after tax corporate income": 5502,
        "Volume": 45722854,
        "Close of Quarter": 21.3,
        "EPS": 2123.6,
        "Non-adjusted EPS": 2299,
        "PE": 9.3,
        "Book Price": 14.3
      }
    },
    {
      "quarter": "Q2 2014",
      "income status": {
        "Net sales": 230822,
        "Cost of goods sold": 179051,
        "Gross Profit": 51771,
        "Financial expenses": 7406,
        "Of which: Interest expense": 5868,
        "Cost of sales": 4087,
        "Enterprise cost management": 16322,
        "Total Operating Expenses": 27815,
        "Total revenue financing activities": 6472,
        "Net profit from business activities": 35988,
        "Profit": -540,
        "Profit before tax": 35449,
        "Present corporate income tax expenses": 4270,
        "Deferred income taxes expenses": 151,
        "The interests of minority shareholders": 2805,
        "Total Cost of profits": 7226,
        "Profit after tax corporate income": 28222,
        "Volume": 45722854,
        "Close of Quarter": 21.0,
        "EPS": 2108.8,
        "Non-adjusted EPS": 2283,
        "PE": 9.2,
        "Book Price": 14.5
      }
    },
    {
      "quarter": "Q1 2014",
      "income status": {
        "Net sales": 209619,
        "Cost of goods sold": 162752,
        "Gross Profit": 46867,
        "Financial expenses": 4158,
        "Of which: Interest expense": 3898,
        "Cost of sales": 2707,
        "Enterprise cost management": 13583,
        "Total Operating Expenses": 20448,
        "Total revenue financing activities": 1742,
        "Net profit from business activities": 32085,
        "Profit": -221,
        "Profit before tax": 31865,
        "Present corporate income tax expenses": 5904,
        "Deferred income taxes expenses": -33,
        "The interests of minority shareholders": 641,
        "Total Cost of profits": 6512,
        "Profit after tax corporate income": 25353,
        "Volume": 39759118,
        "Close of Quarter": 21.4,
        "EPS": 2272.3,
        "Non-adjusted EPS": 2829,
        "PE": 7.6,
        "Book Price": 14.2
      }
    },
    {
      "quarter": "Q4 2013",
      "income status": {
        "Net sales": 513637,
        "Cost of goods sold": 412445,
        "Gross Profit": 101192,
        "Financial expenses": 4021,
        "Of which: Interest expense": -120,
        "Cost of sales": 3046,
        "Enterprise cost management": 40551,
        "Total Operating Expenses": 47618,
        "Total revenue financing activities": 1662,
        "Net profit from business activities": 55236,
        "Profit": 1346,
        "Profit before tax": 63301,
        "Present corporate income tax expenses": 14506,
        "Deferred income taxes expenses": -9,
        "The interests of minority shareholders": 2758,
        "Total Cost of profits": 17255,
        "Profit after tax corporate income": 46046,
        "Volume": 39759118,
        "Close of Quarter": 14.3,
        "EPS": 2310.1,
        "Non-adjusted EPS": 2876,
        "PE": 5.0,
        "Book Price": 12.7
      }
    },
    {
      "quarter": "Q3 2013",
      "income status": {
        "Net sales": 87580,
        "Cost of goods sold": 61641,
        "Gross Profit": 25939,
        "Financial expenses": 4633,
        "Of which: Interest expense": 4522,
        "Cost of sales": 2247,
        "Enterprise cost management": 11563,
        "Total Operating Expenses": 18443,
        "Total revenue financing activities": 616,
        "Net profit from business activities": 8113,
        "Profit": 683,
        "Profit before tax": 6844,
        "Present corporate income tax expenses": 2301,
        "Deferred income taxes expenses": -84,
        "The interests of minority shareholders": -129,
        "Total Cost of profits": 2088,
        "Profit after tax corporate income": 4756,
        "Volume": 16566328,
        "Close of Quarter": 12.4,
        "EPS": 2069.6,
        "Non-adjusted EPS": 6184,
        "PE": 2.0,
        "Book Price": 12.0
      }
    },
    {
      "quarter": "Q2 2013",
      "income status": {
        "Net sales": 339838,
        "Cost of goods sold": 277661,
        "Gross Profit": 62176,
        "Financial expenses": 5560,
        "Of which: Interest expense": 3492,
        "Cost of sales": 3916,
        "Enterprise cost management": 8985,
        "Total Operating Expenses": 18461,
        "Total revenue financing activities": 369,
        "Net profit from business activities": 44084,
        "Profit": 21,
        "Profit before tax": 47785,
        "Present corporate income tax expenses": 9802,
        "Deferred income taxes expenses": 1408,
        "The interests of minority shareholders": 232,
        "Total Cost of profits": 11442,
        "Profit after tax corporate income": 36343,
        "Volume": 16566328,
        "Close of Quarter": 10.5,
        "EPS": 2198.8,
        "Non-adjusted EPS": 6570,
        "PE": 1.6,
        "Book Price": 8.0
      }
    },
    {
      "quarter": "Q1 2013",
      "income status": {
        "Net sales": 263671,
        "Cost of goods sold": 224342,
        "Gross Profit": 39329,
        "Financial expenses": 6551,
        "Of which: Interest expense": 6337,
        "Cost of sales": 1337,
        "Enterprise cost management": 14314,
        "Total Operating Expenses": 22202,
        "Total revenue financing activities": 10304,
        "Net profit from business activities": 27431,
        "Profit": 15,
        "Profit before tax": 31676,
        "Present corporate income tax expenses": 6053,
        "Deferred income taxes expenses": -1281,
        "The interests of minority shareholders": -306,
        "Total Cost of profits": 4466,
        "Profit after tax corporate income": 27210,
        "Volume": 16566328,
        "Close of Quarter": 8.4,
        "EPS": 1945.1,
        "Non-adjusted EPS": 5812,
        "PE": 1.5,
        "Book Price": 7.5
      }
    },
    {
      "quarter": "Q4 2012",
      "income status": {
        "Net sales": 355385,
        "Cost of goods sold": 247014,
        "Gross Profit": 108372,
        "Financial expenses": 14445,
        "Of which: Interest expense": 9402,
        "Cost of sales": 23032,
        "Enterprise cost management": 21027,
        "Total Operating Expenses": 58504,
        "Total revenue financing activities": 533,
        "Net profit from business activities": 50400,
        "Profit": 214,
        "Profit before tax": 50614,
        "Present corporate income tax expenses": 14696,
        "Deferred income taxes expenses": -3518,
        "The interests of minority shareholders": 5303,
        "Total Cost of profits": 16481,
        "Profit after tax corporate income": 34133,
        "Volume": 13805162,
        "Close of Quarter": 8.6,
        "EPS": 1909.9,
        "Non-adjusted EPS": 6848,
        "PE": 1.3,
        "Book Price": 7.4
      }
    },
    {
      "quarter": "Q3 2012",
      "income status": {
        "Net sales": 151197,
        "Cost of goods sold": 111096,
        "Gross Profit": 40101,
        "Financial expenses": 10840,
        "Of which: Interest expense": 10840,
        "Cost of sales": 4344,
        "Enterprise cost management": 13817,
        "Total Operating Expenses": 29001,
        "Total revenue financing activities": 377,
        "Net profit from business activities": 11476,
        "Profit": -78,
        "Profit before tax": 11398,
        "Present corporate income tax expenses": 66,
        "Deferred income taxes expenses": -7,
        "The interests of minority shareholders": 180,
        "Total Cost of profits": 239,
        "Profit after tax corporate income": 11159,
        "Volume": 13805162,
        "Close of Quarter": 6.8,
        "EPS": 1220.2,
        "Non-adjusted EPS": 4375,
        "PE": 1.6,
        "Book Price": 6.8
      }
    },
    {
      "quarter": "Q2 2012",
      "income status": {
        "Net sales": 221120,
        "Cost of goods sold": 152304,
        "Gross Profit": 68816,
        "Financial expenses": 11920,
        "Of which: Interest expense": 8363,
        "Cost of sales": 3706,
        "Enterprise cost management": 12555,
        "Total Operating Expenses": 28181,
        "Total revenue financing activities": -5943,
        "Net profit from business activities": 34692,
        "Profit": -1608,
        "Profit before tax": 33084,
        "Present corporate income tax expenses": 10083,
        "Deferred income taxes expenses": -874,
        "The interests of minority shareholders": 89,
        "Total Cost of profits": 9298,
        "Profit after tax corporate income": 23786,
        "Volume": 13805162,
        "Close of Quarter": "N/A",
        "EPS": 994.8,
        "Non-adjusted EPS": 3567,
        "PE": "N/A",
        "Book Price": 6.6
      }
    },
    {
      "quarter": "Q1 2012",
      "income status": {
        "Net sales": 280292,
        "Cost of goods sold": 235268,
        "Gross Profit": 45024,
        "Financial expenses": 9325,
        "Of which: Interest expense": 9154,
        "Cost of sales": 3946,
        "Enterprise cost management": 10829,
        "Total Operating Expenses": 24100,
        "Total revenue financing activities": 10328,
        "Net profit from business activities": 31251,
        "Profit": 1531,
        "Profit before tax": 32782,
        "Present corporate income tax expenses": 6857,
        "Deferred income taxes expenses": 472,
        "The interests of minority shareholders": "N/A",
        "Total Cost of profits": 7329,
        "Profit after tax corporate income": 25453,
        "Volume": 13805162,
        "Close of Quarter": "N/A",
        "EPS": 514.3,
        "Non-adjusted EPS": 1844,
        "PE": "N/A",
        "Book Price": 6
      }
    }
  ]
}