{
  "ticker": "HHS",
  "data": [
    {
      "quarter": "Q1 2017",
      "income status": {
        "Net sales": 307080,
        "Cost of goods sold": 309988,
        "Gross Profit": -2908,
        "Financial expenses": "N/A",
        "Of which: Interest expense": "N/A",
        "Cost of sales": 1118,
        "Enterprise cost management": 1581,
        "Total Operating Expenses": 2699,
        "Total revenue financing activities": 16351,
        "Net profit from business activities": 12364,
        "Profit": 655,
        "Profit before tax": 13019,
        "Present corporate income tax expenses": 2470,
        "Deferred income taxes expenses": "N/A",
        "The interests of minority shareholders": 6,
        "Total Cost of profits": 2476,
        "Profit after tax corporate income": 10543,
        "Volume": 274744063,
        "Close of Quarter": 4.6,
        "EPS": 353,
        "Non-adjusted EPS": 353,
        "PE": 13.1,
        "Book Price": 11.2
      }
    },
    {
      "quarter": "Q4 2016",
      "income status": {
        "Net sales": 329303,
        "Cost of goods sold": 323426,
        "Gross Profit": 5876,
        "Financial expenses": 25,
        "Of which: Interest expense": "N/A",
        "Cost of sales": 3056,
        "Enterprise cost management": 1356,
        "Total Operating Expenses": 4437,
        "Total revenue financing activities": 17220,
        "Net profit from business activities": 19721,
        "Profit": 18803,
        "Profit before tax": 38524,
        "Present corporate income tax expenses": 8109,
        "Deferred income taxes expenses": "N/A",
        "The interests of minority shareholders": 11,
        "Total Cost of profits": 8120,
        "Profit after tax corporate income": 30404,
        "Volume": 274744063,
        "Close of Quarter": 3.6,
        "EPS": 511,
        "Non-adjusted EPS": 511,
        "PE": 7.1,
        "Book Price": 11.2
      }
    },
    {
      "quarter": "Q3 2016",
      "income status": {
        "Net sales": 298209,
        "Cost of goods sold": 281871,
        "Gross Profit": 16338,
        "Financial expenses": 16,
        "Of which: Interest expense": "N/A",
        "Cost of sales": 1126,
        "Enterprise cost management": 1349,
        "Total Operating Expenses": 2491,
        "Total revenue financing activities": 15872,
        "Net profit from business activities": 30199,
        "Profit": 1614,
        "Profit before tax": 31813,
        "Present corporate income tax expenses": 3353,
        "Deferred income taxes expenses": "N/A",
        "The interests of minority shareholders": 15,
        "Total Cost of profits": 3368,
        "Profit after tax corporate income": 28445,
        "Volume": 274744063,
        "Close of Quarter": 5.4,
        "EPS": 634,
        "Non-adjusted EPS": 634,
        "PE": 8.6,
        "Book Price": 11.5
      }
    },
    {
      "quarter": "Q2 2016",
      "income status": {
        "Net sales": 455702,
        "Cost of goods sold": 438054,
        "Gross Profit": 17648,
        "Financial expenses": 132,
        "Of which: Interest expense": "N/A",
        "Cost of sales": 1145,
        "Enterprise cost management": 1693,
        "Total Operating Expenses": 2970,
        "Total revenue financing activities": 15383,
        "Net profit from business activities": 29599,
        "Profit": 528,
        "Profit before tax": 30127,
        "Present corporate income tax expenses": 2532,
        "Deferred income taxes expenses": "N/A",
        "The interests of minority shareholders": -12,
        "Total Cost of profits": 2520,
        "Profit after tax corporate income": 27607,
        "Volume": 274744063,
        "Close of Quarter": 8.3,
        "EPS": 826,
        "Non-adjusted EPS": 826,
        "PE": 10.0,
        "Book Price": 11.3
      }
    },
    {
      "quarter": "Q1 2016",
      "income status": {
        "Net sales": 493629,
        "Cost of goods sold": 445481,
        "Gross Profit": 48148,
        "Financial expenses": 566,
        "Of which: Interest expense": 488,
        "Cost of sales": 1157,
        "Enterprise cost management": 1938,
        "Total Operating Expenses": 3661,
        "Total revenue financing activities": 13168,
        "Net profit from business activities": 57017,
        "Profit": -212,
        "Profit before tax": 56805,
        "Present corporate income tax expenses": 2805,
        "Deferred income taxes expenses": "N/A",
        "The interests of minority shareholders": "N/A",
        "Total Cost of profits": 2805,
        "Profit after tax corporate income": 54000,
        "Volume": 233090428,
        "Close of Quarter": 8.0,
        "EPS": 1250.5,
        "Non-adjusted EPS": 1474,
        "PE": 5.4,
        "Book Price": 10.3
      }
    },
    {
      "quarter": "Q4 2015",
      "income status": {
        "Net sales": 714054,
        "Cost of goods sold": 655509,
        "Gross Profit": 58545,
        "Financial expenses": 1927,
        "Of which: Interest expense": 1437,
        "Cost of sales": -5499,
        "Enterprise cost management": 1642,
        "Total Operating Expenses": -1930,
        "Total revenue financing activities": 12916,
        "Net profit from business activities": 71135,
        "Profit": -2239,
        "Profit before tax": 68897,
        "Present corporate income tax expenses": 4651,
        "Deferred income taxes expenses": "N/A",
        "The interests of minority shareholders": 17,
        "Total Cost of profits": 4668,
        "Profit after tax corporate income": 64229,
        "Volume": 233090428,
        "Close of Quarter": 11.4,
        "EPS": 1751.1,
        "Non-adjusted EPS": 2064,
        "PE": 5.5,
        "Book Price": 10.0
      }
    },
    {
      "quarter": "Q3 2015",
      "income status": {
        "Net sales": 749573,
        "Cost of goods sold": 662984,
        "Gross Profit": 86589,
        "Financial expenses": 1745,
        "Of which: Interest expense": 1742,
        "Cost of sales": 1214,
        "Enterprise cost management": 1955,
        "Total Operating Expenses": 4914,
        "Total revenue financing activities": 3814,
        "Net profit from business activities": 85892,
        "Profit": -301,
        "Profit before tax": 85591,
        "Present corporate income tax expenses": 4412,
        "Deferred income taxes expenses": "N/A",
        "The interests of minority shareholders": 22,
        "Total Cost of profits": 4434,
        "Profit after tax corporate income": 81157,
        "Volume": 110995557,
        "Close of Quarter": 14.6,
        "EPS": 1767.1,
        "Non-adjusted EPS": 4374,
        "PE": 3.3,
        "Book Price": 5.4
      }
    },
    {
      "quarter": "Q2 2015",
      "income status": {
        "Net sales": 1450425,
        "Cost of goods sold": 1291679,
        "Gross Profit": 158747,
        "Financial expenses": 14096,
        "Of which: Interest expense": 4454,
        "Cost of sales": -4665,
        "Enterprise cost management": 4467,
        "Total Operating Expenses": 13898,
        "Total revenue financing activities": 8021,
        "Net profit from business activities": 154053,
        "Profit": 4138,
        "Profit before tax": 158190,
        "Present corporate income tax expenses": 13934,
        "Deferred income taxes expenses": "N/A",
        "The interests of minority shareholders": 104,
        "Total Cost of profits": 14038,
        "Profit after tax corporate income": 144153,
        "Volume": 110995557,
        "Close of Quarter": 15.9,
        "EPS": 1612.4,
        "Non-adjusted EPS": 3991,
        "PE": 4.0,
        "Book Price": 5.5
      }
    },
    {
      "quarter": "Q1 2015",
      "income status": {
        "Net sales": 593946,
        "Cost of goods sold": 514735,
        "Gross Profit": 79211,
        "Financial expenses": 1937,
        "Of which: Interest expense": 1200,
        "Cost of sales": 1355,
        "Enterprise cost management": 4579,
        "Total Operating Expenses": 7871,
        "Total revenue financing activities": 6001,
        "Net profit from business activities": 77340,
        "Profit": 119980,
        "Profit before tax": 197319,
        "Present corporate income tax expenses": 5823,
        "Deferred income taxes expenses": "N/A",
        "The interests of minority shareholders": 34,
        "Total Cost of profits": 5857,
        "Profit after tax corporate income": 191463,
        "Volume": 57364241,
        "Close of Quarter": 11.3,
        "EPS": 1129.8,
        "Non-adjusted EPS": 5411,
        "PE": 2.1,
        "Book Price": 5.0
      }
    },
    {
      "quarter": "Q4 2014",
      "income status": {
        "Net sales": 572389,
        "Cost of goods sold": 483582,
        "Gross Profit": 88807,
        "Financial expenses": 4267,
        "Of which: Interest expense": 156,
        "Cost of sales": 20013,
        "Enterprise cost management": 4618,
        "Total Operating Expenses": 28898,
        "Total revenue financing activities": 10346,
        "Net profit from business activities": 70254,
        "Profit": 595,
        "Profit before tax": 70849,
        "Present corporate income tax expenses": 2138,
        "Deferred income taxes expenses": "N/A",
        "The interests of minority shareholders": "N/A",
        "Total Cost of profits": 2138,
        "Profit after tax corporate income": 68711,
        "Volume": 57364241,
        "Close of Quarter": 10.1,
        "EPS": 494.4,
        "Non-adjusted EPS": 2368,
        "PE": 4.3,
        "Book Price": 2.7
      }
    },
    {
      "quarter": "Q3 2014",
      "income status": {
        "Net sales": 528022,
        "Cost of goods sold": 473658,
        "Gross Profit": 54363,
        "Financial expenses": 321,
        "Of which: Interest expense": 316,
        "Cost of sales": 6964,
        "Enterprise cost management": 9012,
        "Total Operating Expenses": 16297,
        "Total revenue financing activities": 588,
        "Net profit from business activities": 38654,
        "Profit": -4,
        "Profit before tax": 38650,
        "Present corporate income tax expenses": 19,
        "Deferred income taxes expenses": "N/A",
        "The interests of minority shareholders": "N/A",
        "Total Cost of profits": 19,
        "Profit after tax corporate income": 38631,
        "Volume": 38249948,
        "Close of Quarter": 10.0,
        "EPS": 328.3,
        "Non-adjusted EPS": 2358,
        "PE": 4.2,
        "Book Price": 2.5
      }
    },
    {
      "quarter": "Q2 2014",
      "income status": {
        "Net sales": 184680,
        "Cost of goods sold": 165569,
        "Gross Profit": 19111,
        "Financial expenses": 3494,
        "Of which: Interest expense": 101,
        "Cost of sales": 1419,
        "Enterprise cost management": 2347,
        "Total Operating Expenses": 7260,
        "Total revenue financing activities": 96,
        "Net profit from business activities": 11945,
        "Profit": -338,
        "Profit before tax": 11607,
        "Present corporate income tax expenses": 21,
        "Deferred income taxes expenses": "N/A",
        "The interests of minority shareholders": "N/A",
        "Total Cost of profits": 21,
        "Profit after tax corporate income": 11586,
        "Volume": 38249948,
        "Close of Quarter": 10.2,
        "EPS": 256.2,
        "Non-adjusted EPS": 1840,
        "PE": 5.5,
        "Book Price": 1.9
      }
    },
    {
      "quarter": "Q1 2014",
      "income status": {
        "Net sales": 138671,
        "Cost of goods sold": 119430,
        "Gross Profit": 19241,
        "Financial expenses": 10,
        "Of which: Interest expense": "N/A",
        "Cost of sales": 1180,
        "Enterprise cost management": 1153,
        "Total Operating Expenses": 2343,
        "Total revenue financing activities": 35,
        "Net profit from business activities": 16933,
        "Profit": "N/A",
        "Profit before tax": 16933,
        "Present corporate income tax expenses": 8,
        "Deferred income taxes expenses": "N/A",
        "The interests of minority shareholders": "N/A",
        "Total Cost of profits": 8,
        "Profit after tax corporate income": 16925,
        "Volume": 38249948,
        "Close of Quarter": 14.3,
        "EPS": 294.0,
        "Non-adjusted EPS": 2112,
        "PE": 6.8,
        "Book Price": 1.9
      }
    },
    {
      "quarter": "Q4 2013",
      "income status": {
        "Net sales": 151738,
        "Cost of goods sold": 125688,
        "Gross Profit": 26050,
        "Financial expenses": -215,
        "Of which: Interest expense": "N/A",
        "Cost of sales": 2479,
        "Enterprise cost management": 852,
        "Total Operating Expenses": 3116,
        "Total revenue financing activities": 187,
        "Net profit from business activities": 23120,
        "Profit": -2,
        "Profit before tax": 23118,
        "Present corporate income tax expenses": 63,
        "Deferred income taxes expenses": "N/A",
        "The interests of minority shareholders": "N/A",
        "Total Cost of profits": 63,
        "Profit after tax corporate income": 23055,
        "Volume": 38249948,
        "Close of Quarter": 13.2,
        "EPS": 298.6,
        "Non-adjusted EPS": 2145,
        "PE": 6.1,
        "Book Price": 1.8
      }
    },
    {
      "quarter": "Q3 2013",
      "income status": {
        "Net sales": 108653,
        "Cost of goods sold": 88845,
        "Gross Profit": 19807,
        "Financial expenses": 246,
        "Of which: Interest expense": "N/A",
        "Cost of sales": 969,
        "Enterprise cost management": 391,
        "Total Operating Expenses": 1606,
        "Total revenue financing activities": 722,
        "Net profit from business activities": 18922,
        "Profit": "N/A",
        "Profit before tax": 18922,
        "Present corporate income tax expenses": 119,
        "Deferred income taxes expenses": "N/A",
        "The interests of minority shareholders": "N/A",
        "Total Cost of profits": 119,
        "Profit after tax corporate income": 18803,
        "Volume": 38249948,
        "Close of Quarter": 12.7,
        "EPS": 293.6,
        "Non-adjusted EPS": 2109,
        "PE": 6,
        "Book Price": 1.7
      }
    },
    {
      "quarter": "Q2 2013",
      "income status": {
        "Net sales": 134436,
        "Cost of goods sold": 107008,
        "Gross Profit": 27428,
        "Financial expenses": 3627,
        "Of which: Interest expense": "N/A",
        "Cost of sales": 692,
        "Enterprise cost management": 1228,
        "Total Operating Expenses": 5547,
        "Total revenue financing activities": 255,
        "Net profit from business activities": 22136,
        "Profit": "N/A",
        "Profit before tax": 22136,
        "Present corporate income tax expenses": 139,
        "Deferred income taxes expenses": "N/A",
        "The interests of minority shareholders": "N/A",
        "Total Cost of profits": 139,
        "Profit after tax corporate income": 21997,
        "Volume": 22499981,
        "Close of Quarter": 7.9,
        "EPS": 279.8,
        "Non-adjusted EPS": 3417,
        "PE": 2.3,
        "Book Price": 1.7
      }
    },
    {
      "quarter": "Q1 2013",
      "income status": {
        "Net sales": 104123,
        "Cost of goods sold": 84471,
        "Gross Profit": 19652,
        "Financial expenses": 181,
        "Of which: Interest expense": "N/A",
        "Cost of sales": 566,
        "Enterprise cost management": 1012,
        "Total Operating Expenses": 1759,
        "Total revenue financing activities": 302,
        "Net profit from business activities": 18195,
        "Profit": "N/A",
        "Profit before tax": 18195,
        "Present corporate income tax expenses": "N/A",
        "Deferred income taxes expenses": "N/A",
        "The interests of minority shareholders": "N/A",
        "Total Cost of profits": 0,
        "Profit after tax corporate income": 18195,
        "Volume": 22499981,
        "Close of Quarter": 7.8,
        "EPS": 263.6,
        "Non-adjusted EPS": 3219,
        "PE": 2.4,
        "Book Price": 1.4
      }
    },
    {
      "quarter": "Q4 2012",
      "income status": {
        "Net sales": 141368,
        "Cost of goods sold": 117391,
        "Gross Profit": 23977,
        "Financial expenses": 83,
        "Of which: Interest expense": 17,
        "Cost of sales": 1934,
        "Enterprise cost management": 454,
        "Total Operating Expenses": 2471,
        "Total revenue financing activities": 159,
        "Net profit from business activities": 21664,
        "Profit": 2,
        "Profit before tax": 21666,
        "Present corporate income tax expenses": 4,
        "Deferred income taxes expenses": "N/A",
        "The interests of minority shareholders": "N/A",
        "Total Cost of profits": 4,
        "Profit after tax corporate income": 21662,
        "Volume": 22499981,
        "Close of Quarter": 9.4,
        "EPS": 254.4,
        "Non-adjusted EPS": 3106,
        "PE": 3.0,
        "Book Price": 1.4
      }
    },
    {
      "quarter": "Q3 2012",
      "income status": {
        "Net sales": 115805,
        "Cost of goods sold": 98854,
        "Gross Profit": 16951,
        "Financial expenses": 47,
        "Of which: Interest expense": 57,
        "Cost of sales": 830,
        "Enterprise cost management": 984,
        "Total Operating Expenses": 1861,
        "Total revenue financing activities": 17,
        "Net profit from business activities": 15106,
        "Profit": -70,
        "Profit before tax": 15036,
        "Present corporate income tax expenses": "N/A",
        "Deferred income taxes expenses": "N/A",
        "The interests of minority shareholders": "N/A",
        "Total Cost of profits": 0,
        "Profit after tax corporate income": 15036,
        "Volume": 22499981,
        "Close of Quarter": 8.3,
        "EPS": 261.5,
        "Non-adjusted EPS": 3193,
        "PE": 2.6,
        "Book Price": 1.3
      }
    },
    {
      "quarter": "Q2 2012",
      "income status": {
        "Net sales": 109889,
        "Cost of goods sold": 89510,
        "Gross Profit": 20380,
        "Financial expenses": 739,
        "Of which: Interest expense": 591,
        "Cost of sales": 845,
        "Enterprise cost management": 1187,
        "Total Operating Expenses": 2771,
        "Total revenue financing activities": 22,
        "Net profit from business activities": 17630,
        "Profit": -92,
        "Profit before tax": 17539,
        "Present corporate income tax expenses": "N/A",
        "Deferred income taxes expenses": "N/A",
        "The interests of minority shareholders": "N/A",
        "Total Cost of profits": 0,
        "Profit after tax corporate income": 17539,
        "Volume": 10000000,
        "Close of Quarter": 6.2,
        "EPS": 281.0,
        "Non-adjusted EPS": 7719,
        "PE": 0.8,
        "Book Price": 1.2
      }
    },
    {
      "quarter": "Q1 2012",
      "income status": {
        "Net sales": 95917,
        "Cost of goods sold": 79214,
        "Gross Profit": 16704,
        "Financial expenses": 407,
        "Of which: Interest expense": 395,
        "Cost of sales": 440,
        "Enterprise cost management": 336,
        "Total Operating Expenses": 1183,
        "Total revenue financing activities": 153,
        "Net profit from business activities": 15674,
        "Profit": -20,
        "Profit before tax": 15654,
        "Present corporate income tax expenses": "N/A",
        "Deferred income taxes expenses": "N/A",
        "The interests of minority shareholders": "N/A",
        "Total Cost of profits": 0,
        "Profit after tax corporate income": 15654,
        "Volume": 10000000,
        "Close of Quarter": 4.2,
        "EPS": 330.3,
        "Non-adjusted EPS": 9076,
        "PE": 0.5,
        "Book Price": 1.2
      }
    },
    {
      "quarter": "Q4 2011",
      "income status": {
        "Net sales": 80214,
        "Cost of goods sold": 63358,
        "Gross Profit": 16856,
        "Financial expenses": 5509,
        "Of which: Interest expense": 500,
        "Cost of sales": -6041,
        "Enterprise cost management": 846,
        "Total Operating Expenses": 314,
        "Total revenue financing activities": 7061,
        "Net profit from business activities": 23603,
        "Profit": "N/A",
        "Profit before tax": 23603,
        "Present corporate income tax expenses": "N/A",
        "Deferred income taxes expenses": "N/A",
        "The interests of minority shareholders": "N/A",
        "Total Cost of profits": 0,
        "Profit after tax corporate income": 23603,
        "Volume": 10000000,
        "Close of Quarter": "N/A",
        "EPS": 382.0,
        "Non-adjusted EPS": 10494,
        "PE": "N/A",
        "Book Price": 1.1
      }
    },
    {
      "quarter": "Q3 2011",
      "income status": {
        "Net sales": 109137,
        "Cost of goods sold": 90622,
        "Gross Profit": 18515,
        "Financial expenses": 2649,
        "Of which: Interest expense": 2649,
        "Cost of sales": 1356,
        "Enterprise cost management": 375,
        "Total Operating Expenses": 4380,
        "Total revenue financing activities": 6145,
        "Net profit from business activities": 20279,
        "Profit": 110,
        "Profit before tax": 20389,
        "Present corporate income tax expenses": "N/A",
        "Deferred income taxes expenses": "N/A",
        "The interests of minority shareholders": "N/A",
        "Total Cost of profits": 0,
        "Profit after tax corporate income": 20389,
        "Volume": 10000000,
        "Close of Quarter": "N/A",
        "EPS": 402.2,
        "Non-adjusted EPS": 11049,
        "PE": "N/A",
        "Book Price": 1.0
      }
    },
    {
      "quarter": "Q2 2011",
      "income status": {
        "Net sales": 213611,
        "Cost of goods sold": 176505,
        "Gross Profit": 37106,
        "Financial expenses": 2499,
        "Of which: Interest expense": 1557,
        "Cost of sales": 3284,
        "Enterprise cost management": 277,
        "Total Operating Expenses": 6060,
        "Total revenue financing activities": 319,
        "Net profit from business activities": 31364,
        "Profit": -256,
        "Profit before tax": 31109,
        "Present corporate income tax expenses": "N/A",
        "Deferred income taxes expenses": "N/A",
        "The interests of minority shareholders": "N/A",
        "Total Cost of profits": 0,
        "Profit after tax corporate income": 31109,
        "Volume": 10000000,
        "Close of Quarter": "N/A",
        "EPS": 416.8,
        "Non-adjusted EPS": 11451,
        "PE": "N/A",
        "Book Price": 0.9
      }
    },
    {
      "quarter": "Q1 2011",
      "income status": {
        "Net sales": 223273,
        "Cost of goods sold": 189908,
        "Gross Profit": 33365,
        "Financial expenses": 2562,
        "Of which: Interest expense": 2005,
        "Cost of sales": 2991,
        "Enterprise cost management": 678,
        "Total Operating Expenses": 6231,
        "Total revenue financing activities": 2708,
        "Net profit from business activities": 29843,
        "Profit": "N/A",
        "Profit before tax": 29843,
        "Present corporate income tax expenses": "N/A",
        "Deferred income taxes expenses": "N/A",
        "The interests of minority shareholders": "N/A",
        "Total Cost of profits": 0,
        "Profit after tax corporate income": 29843,
        "Volume": 10000000,
        "Close of Quarter": "N/A",
        "EPS": 303.6,
        "Non-adjusted EPS": 8340,
        "PE": "N/A",
        "Book Price": 0.9
      }
    },
    {
      "quarter": "Q4 2010",
      "income status": {
        "Net sales": 250950,
        "Cost of goods sold": 213751,
        "Gross Profit": 37200,
        "Financial expenses": 6348,
        "Of which: Interest expense": 1263,
        "Cost of sales": 2930,
        "Enterprise cost management": 624,
        "Total Operating Expenses": 9902,
        "Total revenue financing activities": 1800,
        "Net profit from business activities": 29099,
        "Profit": 49,
        "Profit before tax": 29148,
        "Present corporate income tax expenses": "N/A",
        "Deferred income taxes expenses": "N/A",
        "The interests of minority shareholders": "N/A",
        "Total Cost of profits": 0,
        "Profit after tax corporate income": 29148,
        "Volume": 10000000,
        "Close of Quarter": "N/A",
        "EPS": 195.0,
        "Non-adjusted EPS": 5356,
        "PE": "N/A",
        "Book Price": 0.7
      }
    },
    {
      "quarter": "Q3 2010",
      "income status": {
        "Net sales": 170411,
        "Cost of goods sold": 138285,
        "Gross Profit": 32126,
        "Financial expenses": 6388,
        "Of which: Interest expense": 3992,
        "Cost of sales": 1035,
        "Enterprise cost management": 339,
        "Total Operating Expenses": 7762,
        "Total revenue financing activities": 50,
        "Net profit from business activities": 24414,
        "Profit": -6,
        "Profit before tax": 24409,
        "Present corporate income tax expenses": "N/A",
        "Deferred income taxes expenses": "N/A",
        "The interests of minority shareholders": "N/A",
        "Total Cost of profits": 0,
        "Profit after tax corporate income": 24409,
        "Volume": 10000000,
        "Close of Quarter": "N/A",
        "EPS": 88.9,
        "Non-adjusted EPS": 2441,
        "PE": "N/A",
        "Book Price": "N/A"
      }
    }
  ]
}