{
  "ticker": "SWC",
  "data": [
    {
      "quarter": "Q1 2017",
      "income status": {
        "Net sales": 42883,
        "Cost of goods sold": 36587,
        "Gross Profit": 6296,
        "Financial expenses": 2461,
        "Of which: Interest expense": 432,
        "Cost of sales": "N/A",
        "Enterprise cost management": 3734,
        "Total Operating Expenses": 6195,
        "Total revenue financing activities": 569594,
        "Net profit from business activities": 543053,
        "Profit": 1385,
        "Profit before tax": 544438,
        "Present corporate income tax expenses": 105622,
        "Deferred income taxes expenses": -33,
        "The interests of minority shareholders": 36,
        "Total Cost of profits": 105625,
        "Profit after tax corporate income": 438814,
        "Volume": 67100000,
        "Close of Quarter": 16.7,
        "EPS": 7289,
        "Non-adjusted EPS": 7289,
        "PE": 2.3,
        "Book Price": 21.6
      }
    },
    {
      "quarter": "Q4 2016",
      "income status": {
        "Net sales": 67010,
        "Cost of goods sold": 62041,
        "Gross Profit": 4969,
        "Financial expenses": 1446,
        "Of which: Interest expense": 581,
        "Cost of sales": "N/A",
        "Enterprise cost management": 5116,
        "Total Operating Expenses": 6562,
        "Total revenue financing activities": 3540,
        "Net profit from business activities": -5260,
        "Profit": 685,
        "Profit before tax": -4575,
        "Present corporate income tax expenses": 547,
        "Deferred income taxes expenses": -68,
        "The interests of minority shareholders": "N/A",
        "Total Cost of profits": 479,
        "Profit after tax corporate income": -5055,
        "Volume": 67100000,
        "Close of Quarter": 12.3,
        "EPS": 1082,
        "Non-adjusted EPS": 1082,
        "PE": 11.4,
        "Book Price": 15
      }
    },
    {
      "quarter": "Q3 2016",
      "income status": {
        "Net sales": 44527,
        "Cost of goods sold": 38613,
        "Gross Profit": 5913,
        "Financial expenses": 310,
        "Of which: Interest expense": 304,
        "Cost of sales": "N/A",
        "Enterprise cost management": 3677,
        "Total Operating Expenses": 3987,
        "Total revenue financing activities": 28707,
        "Net profit from business activities": 36259,
        "Profit": 243,
        "Profit before tax": 36502,
        "Present corporate income tax expenses": 561,
        "Deferred income taxes expenses": 34,
        "The interests of minority shareholders": 364,
        "Total Cost of profits": 959,
        "Profit after tax corporate income": 35544,
        "Volume": 67100000,
        "Close of Quarter": 13.1,
        "EPS": 1641,
        "Non-adjusted EPS": 1641,
        "PE": 8,
        "Book Price": 14.9
      }
    },
    {
      "quarter": "Q2 2016",
      "income status": {
        "Net sales": 52843,
        "Cost of goods sold": 45862,
        "Gross Profit": 6981,
        "Financial expenses": 363,
        "Of which: Interest expense": 354,
        "Cost of sales": "N/A",
        "Enterprise cost management": 6217,
        "Total Operating Expenses": 6580,
        "Total revenue financing activities": 26430,
        "Net profit from business activities": 24575,
        "Profit": -3924,
        "Profit before tax": 20652,
        "Present corporate income tax expenses": 1133,
        "Deferred income taxes expenses": -354,
        "The interests of minority shareholders": 112,
        "Total Cost of profits": 891,
        "Profit after tax corporate income": 19760,
        "Volume": 67100000,
        "Close of Quarter": 12.6,
        "EPS": 1292,
        "Non-adjusted EPS": 1292,
        "PE": 9.7,
        "Book Price": 14.7
      }
    },
    {
      "quarter": "Q1 2016",
      "income status": {
        "Net sales": 49336,
        "Cost of goods sold": 40074,
        "Gross Profit": 9263,
        "Financial expenses": 87,
        "Of which: Interest expense": 78,
        "Cost of sales": "N/A",
        "Enterprise cost management": 4032,
        "Total Operating Expenses": 4119,
        "Total revenue financing activities": 10882,
        "Net profit from business activities": 23807,
        "Profit": -22,
        "Profit before tax": 23785,
        "Present corporate income tax expenses": 1321,
        "Deferred income taxes expenses": "N/A",
        "The interests of minority shareholders": 104,
        "Total Cost of profits": 1425,
        "Profit after tax corporate income": 22361,
        "Volume": 67100000,
        "Close of Quarter": 12.0,
        "EPS": 1155,
        "Non-adjusted EPS": 1155,
        "PE": 10.4,
        "Book Price": 14.8
      }
    },
    {
      "quarter": "Q4 2015",
      "income status": {
        "Net sales": 57888,
        "Cost of goods sold": 29918,
        "Gross Profit": 27971,
        "Financial expenses": 172,
        "Of which: Interest expense": "N/A",
        "Cost of sales": "N/A",
        "Enterprise cost management": 5999,
        "Total Operating Expenses": 6171,
        "Total revenue financing activities": 519,
        "Net profit from business activities": 34045,
        "Profit": 5518,
        "Profit before tax": 39564,
        "Present corporate income tax expenses": 6752,
        "Deferred income taxes expenses": "N/A",
        "The interests of minority shareholders": 338,
        "Total Cost of profits": 7090,
        "Profit after tax corporate income": 32474,
        "Volume": 67100000,
        "Close of Quarter": 9.3,
        "EPS": 904,
        "Non-adjusted EPS": 904,
        "PE": 10.3,
        "Book Price": 14.5
      }
    },
    {
      "quarter": "Q3 2015",
      "income status": {
        "Net sales": 54783,
        "Cost of goods sold": 52713,
        "Gross Profit": 2070,
        "Financial expenses": 304,
        "Of which: Interest expense": 83,
        "Cost of sales": "N/A",
        "Enterprise cost management": 4306,
        "Total Operating Expenses": 4610,
        "Total revenue financing activities": 14833,
        "Net profit from business activities": 12293,
        "Profit": -49,
        "Profit before tax": 12244,
        "Present corporate income tax expenses": 131,
        "Deferred income taxes expenses": "N/A",
        "The interests of minority shareholders": 39,
        "Total Cost of profits": 170,
        "Profit after tax corporate income": 12073,
        "Volume": 67100000,
        "Close of Quarter": 4.6,
        "EPS": 562,
        "Non-adjusted EPS": 562,
        "PE": 8.2,
        "Book Price": 14.6
      }
    },
    {
      "quarter": "Q2 2015",
      "income status": {
        "Net sales": 55474,
        "Cost of goods sold": 46245,
        "Gross Profit": 9229,
        "Financial expenses": 506,
        "Of which: Interest expense": 201,
        "Cost of sales": "N/A",
        "Enterprise cost management": 4704,
        "Total Operating Expenses": 5210,
        "Total revenue financing activities": 1817,
        "Net profit from business activities": 11988,
        "Profit": 127,
        "Profit before tax": 12115,
        "Present corporate income tax expenses": 1471,
        "Deferred income taxes expenses": "N/A",
        "The interests of minority shareholders": 22,
        "Total Cost of profits": 1493,
        "Profit after tax corporate income": 10622,
        "Volume": 67100000,
        "Close of Quarter": 7.1,
        "EPS": 665,
        "Non-adjusted EPS": 665,
        "PE": 10.6,
        "Book Price": 14.4
      }
    },
    {
      "quarter": "Q1 2015",
      "income status": {
        "Net sales": 47903,
        "Cost of goods sold": 38096,
        "Gross Profit": 9807,
        "Financial expenses": 149,
        "Of which: Interest expense": 54,
        "Cost of sales": "N/A",
        "Enterprise cost management": 4447,
        "Total Operating Expenses": 4596,
        "Total revenue financing activities": 1759,
        "Net profit from business activities": 6971,
        "Profit": 92,
        "Profit before tax": 7062,
        "Present corporate income tax expenses": 1554,
        "Deferred income taxes expenses": "N/A",
        "The interests of minority shareholders": 22,
        "Total Cost of profits": 1576,
        "Profit after tax corporate income": 5487,
        "Volume": 67100000,
        "Close of Quarter": 7.8,
        "EPS": 598,
        "Non-adjusted EPS": 598,
        "PE": 13.0,
        "Book Price": 13.9
      }
    },
    {
      "quarter": "Q3 2014",
      "income status": {
        "Net sales": 75764,
        "Cost of goods sold": 73625,
        "Gross Profit": 2138,
        "Financial expenses": 376,
        "Of which: Interest expense": 376,
        "Cost of sales": "N/A",
        "Enterprise cost management": 4421,
        "Total Operating Expenses": 4797,
        "Total revenue financing activities": 12004,
        "Net profit from business activities": 9345,
        "Profit": 297,
        "Profit before tax": 9642,
        "Present corporate income tax expenses": 117,
        "Deferred income taxes expenses": "N/A",
        "The interests of minority shareholders": 20,
        "Total Cost of profits": 137,
        "Profit after tax corporate income": 9505,
        "Volume": 67100000,
        "Close of Quarter": 12.6,
        "EPS": 611,
        "Non-adjusted EPS": 611,
        "PE": 20.7,
        "Book Price": 14.2
      }
    },
    {
      "quarter": "Q2 2014",
      "income status": {
        "Net sales": 101933,
        "Cost of goods sold": 98781,
        "Gross Profit": 3152,
        "Financial expenses": 3627,
        "Of which: Interest expense": 3627,
        "Cost of sales": "N/A",
        "Enterprise cost management": 4741,
        "Total Operating Expenses": 8368,
        "Total revenue financing activities": 11324,
        "Net profit from business activities": 17747,
        "Profit": 361,
        "Profit before tax": 18107,
        "Present corporate income tax expenses": -893,
        "Deferred income taxes expenses": "N/A",
        "The interests of minority shareholders": 13,
        "Total Cost of profits": -880,
        "Profit after tax corporate income": 18988,
        "Volume": 67100000,
        "Close of Quarter": 9.7,
        "EPS": 608,
        "Non-adjusted EPS": 608,
        "PE": 16.0,
        "Book Price": 13.9
      }
    },
    {
      "quarter": "Q1 2014",
      "income status": {
        "Net sales": 235198,
        "Cost of goods sold": 225372,
        "Gross Profit": 9825,
        "Financial expenses": 2263,
        "Of which: Interest expense": 2263,
        "Cost of sales": "N/A",
        "Enterprise cost management": 4369,
        "Total Operating Expenses": 6632,
        "Total revenue financing activities": 4670,
        "Net profit from business activities": 7864,
        "Profit": 368,
        "Profit before tax": 8232,
        "Present corporate income tax expenses": 2064,
        "Deferred income taxes expenses": "N/A",
        "The interests of minority shareholders": 19,
        "Total Cost of profits": 2083,
        "Profit after tax corporate income": 6150,
        "Volume": 67100000,
        "Close of Quarter": 8.4,
        "EPS": 325,
        "Non-adjusted EPS": 325,
        "PE": 25.8,
        "Book Price": 13.8
      }
    },
    {
      "quarter": "Q3 2013",
      "income status": {
        "Net sales": 101933,
        "Cost of goods sold": 98781,
        "Gross Profit": 3152,
        "Financial expenses": 3627,
        "Of which: Interest expense": 3627,
        "Cost of sales": "N/A",
        "Enterprise cost management": 4741,
        "Total Operating Expenses": 8368,
        "Total revenue financing activities": 11324,
        "Net profit from business activities": 6107,
        "Profit": 361,
        "Profit before tax": 6467,
        "Present corporate income tax expenses": 100,
        "Deferred income taxes expenses": "N/A",
        "The interests of minority shareholders": 20,
        "Total Cost of profits": 120,
        "Profit after tax corporate income": 6347,
        "Volume": 67100000,
        "Close of Quarter": 2.0,
        "EPS": 233,
        "Non-adjusted EPS": 233,
        "PE": 8.4,
        "Book Price": "N/A"
      }
    },
    {
      "quarter": "Q1 2013",
      "income status": {
        "Net sales": 275072,
        "Cost of goods sold": 247852,
        "Gross Profit": 27220,
        "Financial expenses": 10291,
        "Of which: Interest expense": 10291,
        "Cost of sales": "N/A",
        "Enterprise cost management": 8918,
        "Total Operating Expenses": 19209,
        "Total revenue financing activities": 4358,
        "Net profit from business activities": 12369,
        "Profit": 113,
        "Profit before tax": 12482,
        "Present corporate income tax expenses": 3117,
        "Deferred income taxes expenses": 9,
        "The interests of minority shareholders": 43,
        "Total Cost of profits": 3169,
        "Profit after tax corporate income": 9312,
        "Volume": 67100000,
        "Close of Quarter": 1.9,
        "EPS": 139,
        "Non-adjusted EPS": 139,
        "PE": 13.7,
        "Book Price": "N/A"
      }
    }
  ]
}