{
  "ticker": "SPD",
  "data": [
    {
      "quarter": "Q1 2017",
      "income status": {
        "Net sales": 183294,
        "Cost of goods sold": 172734,
        "Gross Profit": 10560,
        "Financial expenses": 2586,
        "Of which: Interest expense": 2219,
        "Cost of sales": 3322,
        "Enterprise cost management": 6490,
        "Total Operating Expenses": 12398,
        "Total revenue financing activities": 1951,
        "Net profit from business activities": 113,
        "Profit": 11,
        "Profit before tax": 124,
        "Present corporate income tax expenses": 41,
        "Deferred income taxes expenses": "N/A",
        "The interests of minority shareholders": "N/A",
        "Total Cost of profits": 41,
        "Profit after tax corporate income": 83,
        "Volume": 12000000,
        "Close of Quarter": 6.6,
        "EPS": 70,
        "Non-adjusted EPS": 70,
        "PE": 94.3,
        "Book Price": 11.5
      }
    },
    {
      "quarter": "Q3 2016",
      "income status": {
        "Net sales": 333122,
        "Cost of goods sold": 316977,
        "Gross Profit": 16145,
        "Financial expenses": 4264,
        "Of which: Interest expense": 2388,
        "Cost of sales": 6284,
        "Enterprise cost management": 9526,
        "Total Operating Expenses": 20074,
        "Total revenue financing activities": 2363,
        "Net profit from business activities": -1566,
        "Profit": 101,
        "Profit before tax": -1465,
        "Present corporate income tax expenses": "N/A",
        "Deferred income taxes expenses": "N/A",
        "The interests of minority shareholders": "N/A",
        "Total Cost of profits": 0,
        "Profit after tax corporate income": -1465,
        "Volume": 12000000,
        "Close of Quarter": 5.1,
        "EPS": 1996,
        "Non-adjusted EPS": 1996,
        "PE": 2.6,
        "Book Price": 13.1
      }
    },
    {
      "quarter": "Q2 2016",
      "income status": {
        "Net sales": 279998,
        "Cost of goods sold": 270525,
        "Gross Profit": 9474,
        "Financial expenses": 2428,
        "Of which: Interest expense": 2281,
        "Cost of sales": 4342,
        "Enterprise cost management": 13902,
        "Total Operating Expenses": 20672,
        "Total revenue financing activities": 11399,
        "Net profit from business activities": 201,
        "Profit": 6,
        "Profit before tax": 206,
        "Present corporate income tax expenses": "N/A",
        "Deferred income taxes expenses": "N/A",
        "The interests of minority shareholders": "N/A",
        "Total Cost of profits": 0,
        "Profit after tax corporate income": 206,
        "Volume": 12000000,
        "Close of Quarter": 2.5,
        "EPS": 2414,
        "Non-adjusted EPS": 2414,
        "PE": 1.0,
        "Book Price": 11.1
      }
    },
    {
      "quarter": "Q1 2016",
      "income status": {
        "Net sales": 212166,
        "Cost of goods sold": 207628,
        "Gross Profit": 4537,
        "Financial expenses": 2230,
        "Of which: Interest expense": 2102,
        "Cost of sales": 3264,
        "Enterprise cost management": 6950,
        "Total Operating Expenses": 12444,
        "Total revenue financing activities": 2125,
        "Net profit from business activities": -5782,
        "Profit": 9637,
        "Profit before tax": 3854,
        "Present corporate income tax expenses": 1841,
        "Deferred income taxes expenses": "N/A",
        "The interests of minority shareholders": "N/A",
        "Total Cost of profits": 1841,
        "Profit after tax corporate income": 2013,
        "Volume": 10000000,
        "Close of Quarter": 5.1,
        "EPS": 2418.3,
        "Non-adjusted EPS": 2902,
        "PE": 1.8,
        "Book Price": 11.5
      }
    },
    {
      "quarter": "Q3 2015",
      "income status": {
        "Net sales": 252807,
        "Cost of goods sold": 238299,
        "Gross Profit": 14508,
        "Financial expenses": 3560,
        "Of which: Interest expense": 3538,
        "Cost of sales": 4943,
        "Enterprise cost management": 8617,
        "Total Operating Expenses": 17120,
        "Total revenue financing activities": 1770,
        "Net profit from business activities": -842,
        "Profit": 24037,
        "Profit before tax": 23195,
        "Present corporate income tax expenses": "N/A",
        "Deferred income taxes expenses": "N/A",
        "The interests of minority shareholders": "N/A",
        "Total Cost of profits": 0,
        "Profit after tax corporate income": 23195,
        "Volume": 10000000,
        "Close of Quarter": 7.8,
        "EPS": 2301.7,
        "Non-adjusted EPS": 2762,
        "PE": 2.8,
        "Book Price": "N/A"
      }
    },
    {
      "quarter": "Q2 2015",
      "income status": {
        "Net sales": 362467,
        "Cost of goods sold": 344220,
        "Gross Profit": 18247,
        "Financial expenses": 3445,
        "Of which: Interest expense": 2323,
        "Cost of sales": 6952,
        "Enterprise cost management": 6269,
        "Total Operating Expenses": 16666,
        "Total revenue financing activities": 1816,
        "Net profit from business activities": 3397,
        "Profit": 159,
        "Profit before tax": 3556,
        "Present corporate income tax expenses": "N/A",
        "Deferred income taxes expenses": "N/A",
        "The interests of minority shareholders": "N/A",
        "Total Cost of profits": 0,
        "Profit after tax corporate income": 3556,
        "Volume": 10000000,
        "Close of Quarter": 7.5,
        "EPS": 625.8,
        "Non-adjusted EPS": 751,
        "PE": 10.0,
        "Book Price": "N/A"
      }
    },
    {
      "quarter": "Q1 2015",
      "income status": {
        "Net sales": 277263,
        "Cost of goods sold": 260381,
        "Gross Profit": 16882,
        "Financial expenses": 4593,
        "Of which: Interest expense": 2800,
        "Cost of sales": 6692,
        "Enterprise cost management": 7405,
        "Total Operating Expenses": 18690,
        "Total revenue financing activities": 2071,
        "Net profit from business activities": 263,
        "Profit": -8,
        "Profit before tax": 255,
        "Present corporate income tax expenses": "N/A",
        "Deferred income taxes expenses": "N/A",
        "The interests of minority shareholders": "N/A",
        "Total Cost of profits": 0,
        "Profit after tax corporate income": 255,
        "Volume": 10000000,
        "Close of Quarter": 2.8,
        "EPS": 510.8,
        "Non-adjusted EPS": 613,
        "PE": 4.5,
        "Book Price": "N/A"
      }
    },
    {
      "quarter": "Q1 2012",
      "income status": {
        "Net sales": 327506,
        "Cost of goods sold": 309004,
        "Gross Profit": 18502,
        "Financial expenses": 9677,
        "Of which: Interest expense": 9264,
        "Cost of sales": 6061,
        "Enterprise cost management": 6133,
        "Total Operating Expenses": 21871,
        "Total revenue financing activities": 3890,
        "Net profit from business activities": 520,
        "Profit": 95,
        "Profit before tax": 616,
        "Present corporate income tax expenses": "N/A",
        "Deferred income taxes expenses": "N/A",
        "The interests of minority shareholders": "N/A",
        "Total Cost of profits": 0,
        "Profit after tax corporate income": 616,
        "Volume": 7560000,
        "Close of Quarter": 6.4,
        "EPS": 842.3,
        "Non-adjusted EPS": 1337,
        "PE": 4.8,
        "Book Price": 10.1
      }
    },
    {
      "quarter": "Q3 2011",
      "income status": {
        "Net sales": 341978,
        "Cost of goods sold": 319218,
        "Gross Profit": 22761,
        "Financial expenses": 7739,
        "Of which: Interest expense": 7017,
        "Cost of sales": 7469,
        "Enterprise cost management": 9604,
        "Total Operating Expenses": 24812,
        "Total revenue financing activities": 6037,
        "Net profit from business activities": 3985,
        "Profit": 81,
        "Profit before tax": 4066,
        "Present corporate income tax expenses": 988,
        "Deferred income taxes expenses": "N/A",
        "The interests of minority shareholders": "N/A",
        "Total Cost of profits": 988,
        "Profit after tax corporate income": 3078,
        "Volume": 7560000,
        "Close of Quarter": 5.3,
        "EPS": 1045.2,
        "Non-adjusted EPS": 1659,
        "PE": 3.2,
        "Book Price": 8.6
      }
    },
    {
      "quarter": "Q2 2011",
      "income status": {
        "Net sales": 292060,
        "Cost of goods sold": 270656,
        "Gross Profit": 21404,
        "Financial expenses": 12575,
        "Of which: Interest expense": 11985,
        "Cost of sales": 6622,
        "Enterprise cost management": 8677,
        "Total Operating Expenses": 27874,
        "Total revenue financing activities": 9199,
        "Net profit from business activities": 2730,
        "Profit": 195,
        "Profit before tax": 2925,
        "Present corporate income tax expenses": 746,
        "Deferred income taxes expenses": "N/A",
        "The interests of minority shareholders": "N/A",
        "Total Cost of profits": 746,
        "Profit after tax corporate income": 2178,
        "Volume": 7560000,
        "Close of Quarter": 5.3,
        "EPS": 788.8,
        "Non-adjusted EPS": 1252,
        "PE": 4.2,
        "Book Price": "N/A"
      }
    },
    {
      "quarter": "Q1 2011",
      "income status": {
        "Net sales": 378413,
        "Cost of goods sold": 345710,
        "Gross Profit": 32702,
        "Financial expenses": 19104,
        "Of which: Interest expense": 11458,
        "Cost of sales": 5834,
        "Enterprise cost management": 15167,
        "Total Operating Expenses": 40105,
        "Total revenue financing activities": 12509,
        "Net profit from business activities": 5106,
        "Profit": 2,
        "Profit before tax": 5108,
        "Present corporate income tax expenses": 869,
        "Deferred income taxes expenses": "N/A",
        "The interests of minority shareholders": "N/A",
        "Total Cost of profits": 869,
        "Profit after tax corporate income": 4239,
        "Volume": 7560000,
        "Close of Quarter": 5.2,
        "EPS": 607.3,
        "Non-adjusted EPS": 964,
        "PE": 5.4,
        "Book Price": "N/A"
      }
    },
    {
      "quarter": "Q3 2010",
      "income status": {
        "Net sales": 359200,
        "Cost of goods sold": 332836,
        "Gross Profit": 26364,
        "Financial expenses": 8716,
        "Of which: Interest expense": 6840,
        "Cost of sales": 12562,
        "Enterprise cost management": 8392,
        "Total Operating Expenses": 29670,
        "Total revenue financing activities": 6716,
        "Net profit from business activities": 3409,
        "Profit": 76,
        "Profit before tax": 3485,
        "Present corporate income tax expenses": 436,
        "Deferred income taxes expenses": "N/A",
        "The interests of minority shareholders": "N/A",
        "Total Cost of profits": 436,
        "Profit after tax corporate income": 3050,
        "Volume": 7560000,
        "Close of Quarter": 5.0,
        "EPS": 253.9,
        "Non-adjusted EPS": 403,
        "PE": 12.4,
        "Book Price": "N/A"
      }
    }
  ]
}