{
  "ticker": "OGC",
  "data": [
    {
      "quarter": "Q1 2017",
      "income status": {
        "Net sales": 203315,
        "Cost of goods sold": 113185,
        "Gross Profit": 90131,
        "Financial expenses": 21684,
        "Of which: Interest expense": 22412,
        "Cost of sales": 20172,
        "Enterprise cost management": 42012,
        "Total Operating Expenses": 83868,
        "Total revenue financing activities": 7038,
        "Net profit from business activities": 13384,
        "Profit": -861,
        "Profit before tax": 12523,
        "Present corporate income tax expenses": 3540,
        "Deferred income taxes expenses": 543,
        "The interests of minority shareholders": 3862,
        "Total Cost of profits": 7945,
        "Profit after tax corporate income": 4579,
        "Volume": 300000000,
        "Close of Quarter": 1.3,
        "EPS": -2441,
        "Non-adjusted EPS": -2441,
        "PE": -0.5,
        "Book Price": 4
      }
    },
    {
      "quarter": "Q4 2016",
      "income status": {
        "Net sales": 369550,
        "Cost of goods sold": 260155,
        "Gross Profit": 109395,
        "Financial expenses": 33704,
        "Of which: Interest expense": 15841,
        "Cost of sales": 20833,
        "Enterprise cost management": 301801,
        "Total Operating Expenses": 356338,
        "Total revenue financing activities": 2025,
        "Net profit from business activities": -292465,
        "Profit": -850,
        "Profit before tax": -293315,
        "Present corporate income tax expenses": 8081,
        "Deferred income taxes expenses": 11563,
        "The interests of minority shareholders": -53984,
        "Total Cost of profits": -34340,
        "Profit after tax corporate income": -258975,
        "Volume": 300000000,
        "Close of Quarter": 1.3,
        "EPS": -2424,
        "Non-adjusted EPS": -2424,
        "PE": -0.5,
        "Book Price": 4
      }
    },
    {
      "quarter": "Q3 2016",
      "income status": {
        "Net sales": 421761,
        "Cost of goods sold": 188287,
        "Gross Profit": 233474,
        "Financial expenses": 46442,
        "Of which: Interest expense": 43258,
        "Cost of sales": 63337,
        "Enterprise cost management": 63944,
        "Total Operating Expenses": 173723,
        "Total revenue financing activities": 1427,
        "Net profit from business activities": 61569,
        "Profit": -6496,
        "Profit before tax": 55074,
        "Present corporate income tax expenses": 18695,
        "Deferred income taxes expenses": 440,
        "The interests of minority shareholders": 31733,
        "Total Cost of profits": 50868,
        "Profit after tax corporate income": 4205,
        "Volume": 300000000,
        "Close of Quarter": 1.4,
        "EPS": -1424,
        "Non-adjusted EPS": -1424,
        "PE": -1.0,
        "Book Price": 5.1
      }
    },
    {
      "quarter": "Q2 2016",
      "income status": {
        "Net sales": 207483,
        "Cost of goods sold": 142828,
        "Gross Profit": 64655,
        "Financial expenses": 46336,
        "Of which: Interest expense": 51495,
        "Cost of sales": 24576,
        "Enterprise cost management": 447340,
        "Total Operating Expenses": 518252,
        "Total revenue financing activities": -1290,
        "Net profit from business activities": -479485,
        "Profit": -8614,
        "Profit before tax": -488100,
        "Present corporate income tax expenses": 5123,
        "Deferred income taxes expenses": 15273,
        "The interests of minority shareholders": -26373,
        "Total Cost of profits": -5977,
        "Profit after tax corporate income": -482123,
        "Volume": 300000000,
        "Close of Quarter": 2.7,
        "EPS": 3412,
        "Non-adjusted EPS": 3412,
        "PE": 0.8,
        "Book Price": 4.8
      }
    },
    {
      "quarter": "Q1 2016",
      "income status": {
        "Net sales": 184962,
        "Cost of goods sold": 111770,
        "Gross Profit": 73192,
        "Financial expenses": 53046,
        "Of which: Interest expense": 35204,
        "Cost of sales": 23039,
        "Enterprise cost management": 38908,
        "Total Operating Expenses": 114993,
        "Total revenue financing activities": 54104,
        "Net profit from business activities": 13470,
        "Profit": -4206,
        "Profit before tax": 9264,
        "Present corporate income tax expenses": 2940,
        "Deferred income taxes expenses": 1783,
        "The interests of minority shareholders": -5230,
        "Total Cost of profits": -507,
        "Profit after tax corporate income": 9772,
        "Volume": 300000000,
        "Close of Quarter": 3.3,
        "EPS": 4921,
        "Non-adjusted EPS": 4921,
        "PE": 0.7,
        "Book Price": 6.6
      }
    },
    {
      "quarter": "Q4 2015",
      "income status": {
        "Net sales": 227850,
        "Cost of goods sold": 140876,
        "Gross Profit": 86974,
        "Financial expenses": -134934,
        "Of which: Interest expense": 76842,
        "Cost of sales": 20773,
        "Enterprise cost management": 193282,
        "Total Operating Expenses": 79121,
        "Total revenue financing activities": 37817,
        "Net profit from business activities": 24126,
        "Profit": -6589,
        "Profit before tax": 17537,
        "Present corporate income tax expenses": -31150,
        "Deferred income taxes expenses": 1805,
        "The interests of minority shareholders": 5928,
        "Total Cost of profits": -23417,
        "Profit after tax corporate income": 40954,
        "Volume": 300000000,
        "Close of Quarter": 4.4,
        "EPS": 4911,
        "Non-adjusted EPS": 4911,
        "PE": 0.9,
        "Book Price": 9.6
      }
    },
    {
      "quarter": "Q3 2015",
      "income status": {
        "Net sales": 333974,
        "Cost of goods sold": 158730,
        "Gross Profit": 175244,
        "Financial expenses": 50069,
        "Of which: Interest expense": 30031,
        "Cost of sales": 50986,
        "Enterprise cost management": 76842,
        "Total Operating Expenses": 177897,
        "Total revenue financing activities": 1675833,
        "Net profit from business activities": 1632087,
        "Profit": -44874,
        "Profit before tax": 1587213,
        "Present corporate income tax expenses": 90299,
        "Deferred income taxes expenses": -13872,
        "The interests of minority shareholders": 55727,
        "Total Cost of profits": 132154,
        "Profit after tax corporate income": 1455060,
        "Volume": 300000000,
        "Close of Quarter": 2.4,
        "EPS": 5802,
        "Non-adjusted EPS": 5802,
        "PE": 0.4,
        "Book Price": 10.4
      }
    },
    {
      "quarter": "Q2 2015",
      "income status": {
        "Net sales": 189759,
        "Cost of goods sold": 106458,
        "Gross Profit": 83301,
        "Financial expenses": 73902,
        "Of which: Interest expense": 59289,
        "Cost of sales": 21167,
        "Enterprise cost management": 78271,
        "Total Operating Expenses": 173340,
        "Total revenue financing activities": 36795,
        "Net profit from business activities": -52132,
        "Profit": 15583,
        "Profit before tax": -36549,
        "Present corporate income tax expenses": 27277,
        "Deferred income taxes expenses": -20140,
        "The interests of minority shareholders": -14063,
        "Total Cost of profits": -6926,
        "Profit after tax corporate income": -29623,
        "Volume": 300000000,
        "Close of Quarter": 2.7,
        "EPS": 1272,
        "Non-adjusted EPS": 1272,
        "PE": 2.1,
        "Book Price": 5.3
      }
    },
    {
      "quarter": "Q1 2015",
      "income status": {
        "Net sales": 164676,
        "Cost of goods sold": 103144,
        "Gross Profit": 61532,
        "Financial expenses": 50562,
        "Of which: Interest expense": 45971,
        "Cost of sales": 22781,
        "Enterprise cost management": 37756,
        "Total Operating Expenses": 111099,
        "Total revenue financing activities": 69377,
        "Net profit from business activities": 21431,
        "Profit": -1478,
        "Profit before tax": 19953,
        "Present corporate income tax expenses": 9458,
        "Deferred income taxes expenses": "N/A",
        "The interests of minority shareholders": 3622,
        "Total Cost of profits": 13080,
        "Profit after tax corporate income": 6873,
        "Volume": 300000000,
        "Close of Quarter": 4.6,
        "EPS": 1499,
        "Non-adjusted EPS": 1499,
        "PE": 3.1,
        "Book Price": 5.3
      }
    },
    {
      "quarter": "Q4 2014",
      "income status": {
        "Net sales": 650976,
        "Cost of goods sold": 585421,
        "Gross Profit": 65555,
        "Financial expenses": -166579,
        "Of which: Interest expense": 55988,
        "Cost of sales": 34919,
        "Enterprise cost management": 60422,
        "Total Operating Expenses": -71238,
        "Total revenue financing activities": 469631,
        "Net profit from business activities": 595821,
        "Profit": -205943,
        "Profit before tax": 389878,
        "Present corporate income tax expenses": 80981,
        "Deferred income taxes expenses": 8725,
        "The interests of minority shareholders": -8097,
        "Total Cost of profits": 81609,
        "Profit after tax corporate income": 308269,
        "Volume": 300000000,
        "Close of Quarter": 7.1,
        "EPS": 1478,
        "Non-adjusted EPS": 1478,
        "PE": 4.8,
        "Book Price": 15
      }
    },
    {
      "quarter": "Q3 2014",
      "income status": {
        "Net sales": 939250,
        "Cost of goods sold": 671007,
        "Gross Profit": 268243,
        "Financial expenses": 93655,
        "Of which: Interest expense": 73943,
        "Cost of sales": 128646,
        "Enterprise cost management": 86824,
        "Total Operating Expenses": 309125,
        "Total revenue financing activities": 187680,
        "Net profit from business activities": 150495,
        "Profit": -22735,
        "Profit before tax": 127760,
        "Present corporate income tax expenses": 19563,
        "Deferred income taxes expenses": "N/A",
        "The interests of minority shareholders": 12073,
        "Total Cost of profits": 31636,
        "Profit after tax corporate income": 96123,
        "Volume": 300000000,
        "Close of Quarter": 12.2,
        "EPS": 575,
        "Non-adjusted EPS": 575,
        "PE": 21.2,
        "Book Price": 14
      }
    },
    {
      "quarter": "Q2 2014",
      "income status": {
        "Net sales": 706195,
        "Cost of goods sold": 534090,
        "Gross Profit": 172105,
        "Financial expenses": 79975,
        "Of which: Interest expense": 101334,
        "Cost of sales": 119227,
        "Enterprise cost management": 77243,
        "Total Operating Expenses": 276445,
        "Total revenue financing activities": 176530,
        "Net profit from business activities": 66324,
        "Profit": -4600,
        "Profit before tax": 61724,
        "Present corporate income tax expenses": 23315,
        "Deferred income taxes expenses": -1021,
        "The interests of minority shareholders": 1014,
        "Total Cost of profits": 23308,
        "Profit after tax corporate income": 38417,
        "Volume": 300000000,
        "Close of Quarter": 10.8,
        "EPS": 271,
        "Non-adjusted EPS": 271,
        "PE": 39.9,
        "Book Price": 13.4
      }
    },
    {
      "quarter": "Q1 2014",
      "income status": {
        "Net sales": 642164,
        "Cost of goods sold": 502774,
        "Gross Profit": 139391,
        "Financial expenses": 99344,
        "Of which: Interest expense": 51442,
        "Cost of sales": 97331,
        "Enterprise cost management": 76045,
        "Total Operating Expenses": 272720,
        "Total revenue financing activities": 148061,
        "Net profit from business activities": 15158,
        "Profit": -4476,
        "Profit before tax": 10682,
        "Present corporate income tax expenses": 9835,
        "Deferred income taxes expenses": "N/A",
        "The interests of minority shareholders": 309,
        "Total Cost of profits": 10144,
        "Profit after tax corporate income": 538,
        "Volume": 300000000,
        "Close of Quarter": 13.1,
        "EPS": 227,
        "Non-adjusted EPS": 227,
        "PE": 57.7,
        "Book Price": 13.8
      }
    },
    {
      "quarter": "Q4 2013",
      "income status": {
        "Net sales": 1278736,
        "Cost of goods sold": 1060100,
        "Gross Profit": 218635,
        "Financial expenses": 171950,
        "Of which: Interest expense": 142974,
        "Cost of sales": 65020,
        "Enterprise cost management": 56883,
        "Total Operating Expenses": 293853,
        "Total revenue financing activities": 195905,
        "Net profit from business activities": 125929,
        "Profit": 4627,
        "Profit before tax": 130557,
        "Present corporate income tax expenses": 60153,
        "Deferred income taxes expenses": "N/A",
        "The interests of minority shareholders": 33090,
        "Total Cost of profits": 93243,
        "Profit after tax corporate income": 37313,
        "Volume": 300000000,
        "Close of Quarter": 10.8,
        "EPS": 232,
        "Non-adjusted EPS": 232,
        "PE": 46.6,
        "Book Price": 14.1
      }
    },
    {
      "quarter": "Q3 2013",
      "income status": {
        "Net sales": 535246,
        "Cost of goods sold": 379711,
        "Gross Profit": 155535,
        "Financial expenses": 77944,
        "Of which: Interest expense": 75561,
        "Cost of sales": 58505,
        "Enterprise cost management": 71313,
        "Total Operating Expenses": 207762,
        "Total revenue financing activities": 122419,
        "Net profit from business activities": 70191,
        "Profit": -52128,
        "Profit before tax": 24372,
        "Present corporate income tax expenses": 14466,
        "Deferred income taxes expenses": "N/A",
        "The interests of minority shareholders": 4904,
        "Total Cost of profits": 19370,
        "Profit after tax corporate income": 5002,
        "Volume": 300000000,
        "Close of Quarter": 9.7,
        "EPS": -196,
        "Non-adjusted EPS": -196,
        "PE": -49.5,
        "Book Price": 10.7
      }
    },
    {
      "quarter": "Q2 2013",
      "income status": {
        "Net sales": 446923,
        "Cost of goods sold": 318973,
        "Gross Profit": 127951,
        "Financial expenses": 242451,
        "Of which: Interest expense": 161110,
        "Cost of sales": 31106,
        "Enterprise cost management": 52035,
        "Total Operating Expenses": 325592,
        "Total revenue financing activities": 298894,
        "Net profit from business activities": 101253,
        "Profit": -6799,
        "Profit before tax": 87941,
        "Present corporate income tax expenses": 37849,
        "Deferred income taxes expenses": 2080,
        "The interests of minority shareholders": 22913,
        "Total Cost of profits": 62842,
        "Profit after tax corporate income": 25100,
        "Volume": 300000000,
        "Close of Quarter": 10.0,
        "EPS": -39,
        "Non-adjusted EPS": -39,
        "PE": -256.2,
        "Book Price": 10.7
      }
    },
    {
      "quarter": "Q1 2013",
      "income status": {
        "Net sales": 306375,
        "Cost of goods sold": 214003,
        "Gross Profit": 92372,
        "Financial expenses": 124209,
        "Of which: Interest expense": 121920,
        "Cost of sales": 27758,
        "Enterprise cost management": 53721,
        "Total Operating Expenses": 205688,
        "Total revenue financing activities": 109093,
        "Net profit from business activities": -4223,
        "Profit": 200,
        "Profit before tax": 11673,
        "Present corporate income tax expenses": 7577,
        "Deferred income taxes expenses": 237,
        "The interests of minority shareholders": 1724,
        "Total Cost of profits": 9538,
        "Profit after tax corporate income": 2135,
        "Volume": 300000000,
        "Close of Quarter": 11.7,
        "EPS": 69,
        "Non-adjusted EPS": 69,
        "PE": 169.6,
        "Book Price": 11.1
      }
    },
    {
      "quarter": "Q4 2012",
      "income status": {
        "Net sales": 271656,
        "Cost of goods sold": 183972,
        "Gross Profit": 87684,
        "Financial expenses": 178934,
        "Of which: Interest expense": 135012,
        "Cost of sales": 23119,
        "Enterprise cost management": 56515,
        "Total Operating Expenses": 258568,
        "Total revenue financing activities": 115054,
        "Net profit from business activities": -55830,
        "Profit": -2757,
        "Profit before tax": -82899,
        "Present corporate income tax expenses": 13149,
        "Deferred income taxes expenses": 245,
        "The interests of minority shareholders": -5136,
        "Total Cost of profits": 8258,
        "Profit after tax corporate income": -91157,
        "Volume": 300000000,
        "Close of Quarter": 9.5,
        "EPS": 181,
        "Non-adjusted EPS": 181,
        "PE": 52.5,
        "Book Price": 10.9
      }
    },
    {
      "quarter": "Q3 2012",
      "income status": {
        "Net sales": 630974,
        "Cost of goods sold": 442076,
        "Gross Profit": 188899,
        "Financial expenses": 130368,
        "Of which: Interest expense": 129308,
        "Cost of sales": 28412,
        "Enterprise cost management": 46270,
        "Total Operating Expenses": 205050,
        "Total revenue financing activities": 70011,
        "Net profit from business activities": 53860,
        "Profit": 361,
        "Profit before tax": 77910,
        "Present corporate income tax expenses": 25291,
        "Deferred income taxes expenses": "N/A",
        "The interests of minority shareholders": 345,
        "Total Cost of profits": 25636,
        "Profit after tax corporate income": 52274,
        "Volume": 300000000,
        "Close of Quarter": 8.4,
        "EPS": 424,
        "Non-adjusted EPS": 424,
        "PE": 19.7,
        "Book Price": 11.1
      }
    },
    {
      "quarter": "Q2 2012",
      "income status": {
        "Net sales": 284320,
        "Cost of goods sold": 234068,
        "Gross Profit": 50253,
        "Financial expenses": 143753,
        "Of which: Interest expense": 145684,
        "Cost of sales": 12059,
        "Enterprise cost management": 33392,
        "Total Operating Expenses": 189204,
        "Total revenue financing activities": 252883,
        "Net profit from business activities": 113932,
        "Profit": 1748,
        "Profit before tax": 117706,
        "Present corporate income tax expenses": 36304,
        "Deferred income taxes expenses": 954,
        "The interests of minority shareholders": 22978,
        "Total Cost of profits": 60236,
        "Profit after tax corporate income": 57469,
        "Volume": 300000000,
        "Close of Quarter": 11.3,
        "EPS": 487,
        "Non-adjusted EPS": 487,
        "PE": 23.2,
        "Book Price": 11.1
      }
    },
    {
      "quarter": "Q1 2012",
      "income status": {
        "Net sales": 227820,
        "Cost of goods sold": 158158,
        "Gross Profit": 69661,
        "Financial expenses": 60693,
        "Of which: Interest expense": 60649,
        "Cost of sales": 12330,
        "Enterprise cost management": 45903,
        "Total Operating Expenses": 118926,
        "Total revenue financing activities": 68571,
        "Net profit from business activities": 19306,
        "Profit": -1231,
        "Profit before tax": 45811,
        "Present corporate income tax expenses": 7133,
        "Deferred income taxes expenses": "N/A",
        "The interests of minority shareholders": 2931,
        "Total Cost of profits": 10064,
        "Profit after tax corporate income": 35747,
        "Volume": 300000000,
        "Close of Quarter": 11.1,
        "EPS": 588,
        "Non-adjusted EPS": 588,
        "PE": 18.9,
        "Book Price": 11.3
      }
    },
    {
      "quarter": "Q4 2011",
      "income status": {
        "Net sales": 477397,
        "Cost of goods sold": 425450,
        "Gross Profit": 51947,
        "Financial expenses": 79686,
        "Of which: Interest expense": 77161,
        "Cost of sales": 11012,
        "Enterprise cost management": 35990,
        "Total Operating Expenses": 126688,
        "Total revenue financing activities": 15564,
        "Net profit from business activities": -59177,
        "Profit": 20113,
        "Profit before tax": -16132,
        "Present corporate income tax expenses": -2055,
        "Deferred income taxes expenses": 5976,
        "The interests of minority shareholders": -1691,
        "Total Cost of profits": 2230,
        "Profit after tax corporate income": -18363,
        "Volume": 300000000,
        "Close of Quarter": 7.3,
        "EPS": 667,
        "Non-adjusted EPS": 667,
        "PE": 10.9,
        "Book Price": 11.3
      }
    },
    {
      "quarter": "Q3 2011",
      "income status": {
        "Net sales": 338975,
        "Cost of goods sold": 238205,
        "Gross Profit": 100770,
        "Financial expenses": 51627,
        "Of which: Interest expense": 51525,
        "Cost of sales": 19742,
        "Enterprise cost management": 45791,
        "Total Operating Expenses": 117160,
        "Total revenue financing activities": 88110,
        "Net profit from business activities": 71720,
        "Profit": -823,
        "Profit before tax": 272987,
        "Present corporate income tax expenses": 10963,
        "Deferred income taxes expenses": "N/A",
        "The interests of minority shareholders": 4918,
        "Total Cost of profits": 15881,
        "Profit after tax corporate income": 71293,
        "Volume": 250000000,
        "Close of Quarter": 9.4,
        "EPS": 1243.3,
        "Non-adjusted EPS": 1492,
        "PE": 6.3,
        "Book Price": 11.2
      }
    },
    {
      "quarter": "Q2 2011",
      "income status": {
        "Net sales": 293672,
        "Cost of goods sold": 259079,
        "Gross Profit": 34593,
        "Financial expenses": 18763,
        "Of which: Interest expense": 30055,
        "Cost of sales": 4829,
        "Enterprise cost management": 30259,
        "Total Operating Expenses": 53851,
        "Total revenue financing activities": 129585,
        "Net profit from business activities": 110327,
        "Profit": -930,
        "Profit before tax": 132596,
        "Present corporate income tax expenses": 26901,
        "Deferred income taxes expenses": "N/A",
        "The interests of minority shareholders": 17966,
        "Total Cost of profits": 44867,
        "Profit after tax corporate income": 87728,
        "Volume": 250000000,
        "Close of Quarter": 9.8,
        "EPS": 1516.7,
        "Non-adjusted EPS": 1820,
        "PE": 5.4,
        "Book Price": 11.2
      }
    },
    {
      "quarter": "Q1 2011",
      "income status": {
        "Net sales": 281162,
        "Cost of goods sold": 234657,
        "Gross Profit": 46506,
        "Financial expenses": 39453,
        "Of which: Interest expense": 36428,
        "Cost of sales": 5197,
        "Enterprise cost management": 29514,
        "Total Operating Expenses": 74164,
        "Total revenue financing activities": 48654,
        "Net profit from business activities": 20995,
        "Profit": -109,
        "Profit before tax": 67452,
        "Present corporate income tax expenses": 9365,
        "Deferred income taxes expenses": "N/A",
        "The interests of minority shareholders": -1256,
        "Total Cost of profits": 8109,
        "Profit after tax corporate income": 59343,
        "Volume": 250000000,
        "Close of Quarter": 14.5,
        "EPS": 1889.2,
        "Non-adjusted EPS": 2267,
        "PE": 6.4,
        "Book Price": 10.8
      }
    },
    {
      "quarter": "Q4 2010",
      "income status": {
        "Net sales": 457917,
        "Cost of goods sold": 380077,
        "Gross Profit": 77840,
        "Financial expenses": 35300,
        "Of which: Interest expense": "N/A",
        "Cost of sales": 6881,
        "Enterprise cost management": 26958,
        "Total Operating Expenses": 69139,
        "Total revenue financing activities": 169816,
        "Net profit from business activities": 178517,
        "Profit": -436,
        "Profit before tax": 202308,
        "Present corporate income tax expenses": 57739,
        "Deferred income taxes expenses": -3990,
        "The interests of minority shareholders": -6122,
        "Total Cost of profits": 47627,
        "Profit after tax corporate income": 154680,
        "Volume": 250000000,
        "Close of Quarter": 18.6,
        "EPS": 1959.2,
        "Non-adjusted EPS": 2351,
        "PE": 7.9,
        "Book Price": 11.3
      }
    },
    {
      "quarter": "Q3 2010",
      "income status": {
        "Net sales": 384403,
        "Cost of goods sold": 324230,
        "Gross Profit": 60173,
        "Financial expenses": 22272,
        "Of which: Interest expense": "N/A",
        "Cost of sales": 4293,
        "Enterprise cost management": 21156,
        "Total Operating Expenses": 47721,
        "Total revenue financing activities": 155294,
        "Net profit from business activities": 167746,
        "Profit": -1475,
        "Profit before tax": 199079,
        "Present corporate income tax expenses": 45842,
        "Deferred income taxes expenses": "N/A",
        "The interests of minority shareholders": "N/A",
        "Total Cost of profits": 45842,
        "Profit after tax corporate income": 153237,
        "Volume": 250000000,
        "Close of Quarter": 23.1,
        "EPS": 1569.2,
        "Non-adjusted EPS": 1883,
        "PE": 12.3,
        "Book Price": 11.1
      }
    },
    {
      "quarter": "Q2 2010",
      "income status": {
        "Net sales": 497708,
        "Cost of goods sold": 284378,
        "Gross Profit": 213330,
        "Financial expenses": 12891,
        "Of which: Interest expense": "N/A",
        "Cost of sales": 3521,
        "Enterprise cost management": 26352,
        "Total Operating Expenses": 42764,
        "Total revenue financing activities": 26253,
        "Net profit from business activities": 196818,
        "Profit": 95543,
        "Profit before tax": 293705,
        "Present corporate income tax expenses": 73761,
        "Deferred income taxes expenses": 3990,
        "The interests of minority shareholders": 16522,
        "Total Cost of profits": 94273,
        "Profit after tax corporate income": 199432,
        "Volume": 250000000,
        "Close of Quarter": 27.8,
        "EPS": 1185,
        "Non-adjusted EPS": 1422,
        "PE": 19.5,
        "Book Price": 10.7
      }
    },
    {
      "quarter": "Q1 2010",
      "income status": {
        "Net sales": 237679,
        "Cost of goods sold": 171523,
        "Gross Profit": 66155,
        "Financial expenses": 20375,
        "Of which: Interest expense": 7150,
        "Cost of sales": 2253,
        "Enterprise cost management": 10310,
        "Total Operating Expenses": 32938,
        "Total revenue financing activities": 28802,
        "Net profit from business activities": 62020,
        "Profit": 33005,
        "Profit before tax": 109897,
        "Present corporate income tax expenses": 24558,
        "Deferred income taxes expenses": "N/A",
        "The interests of minority shareholders": 5051,
        "Total Cost of profits": 29609,
        "Profit after tax corporate income": 80288,
        "Volume": 250000000,
        "Close of Quarter": "N/A",
        "EPS": 630,
        "Non-adjusted EPS": 756,
        "PE": "N/A",
        "Book Price": 10
      }
    },
    {
      "quarter": "Q4 2009",
      "income status": {
        "Net sales": 246193,
        "Cost of goods sold": 217380,
        "Gross Profit": 28813,
        "Financial expenses": 41480,
        "Of which: Interest expense": 39794,
        "Cost of sales": 5837,
        "Enterprise cost management": 25594,
        "Total Operating Expenses": 72911,
        "Total revenue financing activities": 45601,
        "Net profit from business activities": 1503,
        "Profit": 934,
        "Profit before tax": 47902,
        "Present corporate income tax expenses": "N/A",
        "Deferred income taxes expenses": "N/A",
        "The interests of minority shareholders": 5008,
        "Total Cost of profits": 5008,
        "Profit after tax corporate income": 37886,
        "Volume": 250000000,
        "Close of Quarter": "N/A",
        "EPS": 362.5,
        "Non-adjusted EPS": 435,
        "PE": "N/A",
        "Book Price": 6.8
      }
    },
    {
      "quarter": "Q3 2009",
      "income status": {
        "Net sales": 246193,
        "Cost of goods sold": "N/A",
        "Gross Profit": "N/A",
        "Financial expenses": "N/A",
        "Of which: Interest expense": "N/A",
        "Cost of sales": "N/A",
        "Enterprise cost management": "N/A",
        "Total Operating Expenses": 0,
        "Total revenue financing activities": "N/A",
        "Net profit from business activities": "N/A",
        "Profit": "N/A",
        "Profit before tax": 47902,
        "Present corporate income tax expenses": "N/A",
        "Deferred income taxes expenses": "N/A",
        "The interests of minority shareholders": 5008,
        "Total Cost of profits": 5008,
        "Profit after tax corporate income": 37886,
        "Volume": 250000000,
        "Close of Quarter": "N/A",
        "EPS": 235.8,
        "Non-adjusted EPS": 283,
        "PE": "N/A",
        "Book Price": "N/A"
      }
    },
    {
      "quarter": "Q1 2009",
      "income status": {
        "Net sales": 246193,
        "Cost of goods sold": 217380,
        "Gross Profit": 28813,
        "Financial expenses": 41480,
        "Of which: Interest expense": 39794,
        "Cost of sales": 5837,
        "Enterprise cost management": 25594,
        "Total Operating Expenses": 72911,
        "Total revenue financing activities": 45601,
        "Net profit from business activities": 1503,
        "Profit": 934,
        "Profit before tax": 47902,
        "Present corporate income tax expenses": 5007,
        "Deferred income taxes expenses": "N/A",
        "The interests of minority shareholders": 9964,
        "Total Cost of profits": 14971,
        "Profit after tax corporate income": 32930,
        "Volume": 250000000,
        "Close of Quarter": "N/A",
        "EPS": 110,
        "Non-adjusted EPS": 132,
        "PE": "N/A",
        "Book Price": "N/A"
      }
    }
  ]
}