{
  "ticker": "LAS",
  "data": [
    {
      "quarter": "Q1 2017",
      "income status": {
        "Net sales": 1014083,
        "Cost of goods sold": 855552,
        "Gross Profit": 158531,
        "Financial expenses": 10982,
        "Of which: Interest expense": 10122,
        "Cost of sales": 51499,
        "Enterprise cost management": 42587,
        "Total Operating Expenses": 105068,
        "Total revenue financing activities": 173,
        "Net profit from business activities": 53636,
        "Profit": 1579,
        "Profit before tax": 55215,
        "Present corporate income tax expenses": 11043,
        "Deferred income taxes expenses": "N/A",
        "The interests of minority shareholders": "N/A",
        "Total Cost of profits": 11043,
        "Profit after tax corporate income": 44172,
        "Volume": 112856400,
        "Close of Quarter": 12.6,
        "EPS": 1343,
        "Non-adjusted EPS": 1343,
        "PE": 9.4,
        "Book Price": 11.8
      }
    },
    {
      "quarter": "Q4 2016",
      "income status": {
        "Net sales": 1277998,
        "Cost of goods sold": 1050483,
        "Gross Profit": 227515,
        "Financial expenses": 10866,
        "Of which: Interest expense": 9942,
        "Cost of sales": 106431,
        "Enterprise cost management": 48806,
        "Total Operating Expenses": 166103,
        "Total revenue financing activities": 290,
        "Net profit from business activities": 61702,
        "Profit": 1083,
        "Profit before tax": 62785,
        "Present corporate income tax expenses": 12636,
        "Deferred income taxes expenses": "N/A",
        "The interests of minority shareholders": "N/A",
        "Total Cost of profits": 12636,
        "Profit after tax corporate income": 50149,
        "Volume": 112856400,
        "Close of Quarter": 12.5,
        "EPS": 1224,
        "Non-adjusted EPS": 1224,
        "PE": 10.2,
        "Book Price": 11.4
      }
    },
    {
      "quarter": "Q3 2016",
      "income status": {
        "Net sales": 652555,
        "Cost of goods sold": 518256,
        "Gross Profit": 134298,
        "Financial expenses": 11475,
        "Of which: Interest expense": 10273,
        "Cost of sales": 57168,
        "Enterprise cost management": 32214,
        "Total Operating Expenses": 100857,
        "Total revenue financing activities": 353,
        "Net profit from business activities": 33795,
        "Profit": -172,
        "Profit before tax": 33622,
        "Present corporate income tax expenses": 6724,
        "Deferred income taxes expenses": "N/A",
        "The interests of minority shareholders": "N/A",
        "Total Cost of profits": 6724,
        "Profit after tax corporate income": 26898,
        "Volume": 77832000,
        "Close of Quarter": 13.0,
        "EPS": 1699.3,
        "Non-adjusted EPS": 2464,
        "PE": 5.3,
        "Book Price": 11.5
      }
    },
    {
      "quarter": "Q2 2016",
      "income status": {
        "Net sales": 1125763,
        "Cost of goods sold": 909156,
        "Gross Profit": 216607,
        "Financial expenses": 11922,
        "Of which: Interest expense": 11267,
        "Cost of sales": 118438,
        "Enterprise cost management": 50275,
        "Total Operating Expenses": 180635,
        "Total revenue financing activities": 2063,
        "Net profit from business activities": 38036,
        "Profit": -440,
        "Profit before tax": 37596,
        "Present corporate income tax expenses": 7273,
        "Deferred income taxes expenses": "N/A",
        "The interests of minority shareholders": "N/A",
        "Total Cost of profits": 7273,
        "Profit after tax corporate income": 30322,
        "Volume": 77832000,
        "Close of Quarter": 17.5,
        "EPS": 1722.8,
        "Non-adjusted EPS": 2498,
        "PE": 7.0,
        "Book Price": 11.2
      }
    },
    {
      "quarter": "Q1 2016",
      "income status": {
        "Net sales": 908345,
        "Cost of goods sold": 755541,
        "Gross Profit": 152804,
        "Financial expenses": 12494,
        "Of which: Interest expense": 10109,
        "Cost of sales": 53342,
        "Enterprise cost management": 49178,
        "Total Operating Expenses": 115014,
        "Total revenue financing activities": 363,
        "Net profit from business activities": 38153,
        "Profit": 324,
        "Profit before tax": 38477,
        "Present corporate income tax expenses": 7695,
        "Deferred income taxes expenses": "N/A",
        "The interests of minority shareholders": "N/A",
        "Total Cost of profits": 7695,
        "Profit after tax corporate income": 30781,
        "Volume": 77832000,
        "Close of Quarter": 17.9,
        "EPS": 2309.7,
        "Non-adjusted EPS": 3349,
        "PE": 5.3,
        "Book Price": 12.1
      }
    },
    {
      "quarter": "Q4 2015",
      "income status": {
        "Net sales": 1277731,
        "Cost of goods sold": 951508,
        "Gross Profit": 326223,
        "Financial expenses": 7618,
        "Of which: Interest expense": 6135,
        "Cost of sales": 137870,
        "Enterprise cost management": 48935,
        "Total Operating Expenses": 194423,
        "Total revenue financing activities": 851,
        "Net profit from business activities": 132651,
        "Profit": -8,
        "Profit before tax": 132643,
        "Present corporate income tax expenses": 28902,
        "Deferred income taxes expenses": "N/A",
        "The interests of minority shareholders": "N/A",
        "Total Cost of profits": 28902,
        "Profit after tax corporate income": 103742,
        "Volume": 77832000,
        "Close of Quarter": 18.8,
        "EPS": 2718.6,
        "Non-adjusted EPS": 3942,
        "PE": 4.8,
        "Book Price": 12.3
      }
    },
    {
      "quarter": "Q3 2015",
      "income status": {
        "Net sales": 613303,
        "Cost of goods sold": 462121,
        "Gross Profit": 151182,
        "Financial expenses": 6863,
        "Of which: Interest expense": 5918,
        "Cost of sales": 63637,
        "Enterprise cost management": 45604,
        "Total Operating Expenses": 116104,
        "Total revenue financing activities": 1680,
        "Net profit from business activities": 36758,
        "Profit": 870,
        "Profit before tax": 37628,
        "Present corporate income tax expenses": 8060,
        "Deferred income taxes expenses": "N/A",
        "The interests of minority shareholders": "N/A",
        "Total Cost of profits": 8060,
        "Profit after tax corporate income": 29568,
        "Volume": 77832000,
        "Close of Quarter": 18.1,
        "EPS": 3580.7,
        "Non-adjusted EPS": 5192,
        "PE": 3.5,
        "Book Price": 12
      }
    },
    {
      "quarter": "Q2 2015",
      "income status": {
        "Net sales": 1413771,
        "Cost of goods sold": 1163384,
        "Gross Profit": 250387,
        "Financial expenses": 7295,
        "Of which: Interest expense": 5121,
        "Cost of sales": 79908,
        "Enterprise cost management": 48354,
        "Total Operating Expenses": 135557,
        "Total revenue financing activities": 1581,
        "Net profit from business activities": 116412,
        "Profit": 7172,
        "Profit before tax": 123583,
        "Present corporate income tax expenses": 26978,
        "Deferred income taxes expenses": "N/A",
        "The interests of minority shareholders": "N/A",
        "Total Cost of profits": 26978,
        "Profit after tax corporate income": 96606,
        "Volume": 77832000,
        "Close of Quarter": 15.9,
        "EPS": 3569.0,
        "Non-adjusted EPS": 5175,
        "PE": 3.1,
        "Book Price": 11.8
      }
    },
    {
      "quarter": "Q1 2015",
      "income status": {
        "Net sales": 1342778,
        "Cost of goods sold": 1096641,
        "Gross Profit": 246137,
        "Financial expenses": 6514,
        "Of which: Interest expense": 6168,
        "Cost of sales": 96362,
        "Enterprise cost management": 41965,
        "Total Operating Expenses": 144841,
        "Total revenue financing activities": 362,
        "Net profit from business activities": 101658,
        "Profit": -3030,
        "Profit before tax": 98628,
        "Present corporate income tax expenses": 21698,
        "Deferred income taxes expenses": "N/A",
        "The interests of minority shareholders": "N/A",
        "Total Cost of profits": 21698,
        "Profit after tax corporate income": 76930,
        "Volume": 77832000,
        "Close of Quarter": 16.3,
        "EPS": 3237.9,
        "Non-adjusted EPS": 4695,
        "PE": 3.5,
        "Book Price": 13.8
      }
    },
    {
      "quarter": "Q4 2014",
      "income status": {
        "Net sales": 1233247,
        "Cost of goods sold": 791754,
        "Gross Profit": 441493,
        "Financial expenses": 6274,
        "Of which: Interest expense": 3975,
        "Cost of sales": 109420,
        "Enterprise cost management": 70179,
        "Total Operating Expenses": 185873,
        "Total revenue financing activities": 763,
        "Net profit from business activities": 256383,
        "Profit": 1083,
        "Profit before tax": 257466,
        "Present corporate income tax expenses": 56444,
        "Deferred income taxes expenses": "N/A",
        "The interests of minority shareholders": "N/A",
        "Total Cost of profits": 56444,
        "Profit after tax corporate income": 201022,
        "Volume": 77832000,
        "Close of Quarter": 17.7,
        "EPS": 3888.3,
        "Non-adjusted EPS": 5638,
        "PE": 3.1,
        "Book Price": 13.2
      }
    },
    {
      "quarter": "Q3 2014",
      "income status": {
        "Net sales": 573314,
        "Cost of goods sold": 443391,
        "Gross Profit": 129923,
        "Financial expenses": 4030,
        "Of which: Interest expense": 3196,
        "Cost of sales": 61830,
        "Enterprise cost management": 34212,
        "Total Operating Expenses": 100072,
        "Total revenue financing activities": 3128,
        "Net profit from business activities": 32980,
        "Profit": 3187,
        "Profit before tax": 36167,
        "Present corporate income tax expenses": 7957,
        "Deferred income taxes expenses": "N/A",
        "The interests of minority shareholders": "N/A",
        "Total Cost of profits": 7957,
        "Profit after tax corporate income": 28210,
        "Volume": 77832000,
        "Close of Quarter": 17.2,
        "EPS": 3186.2,
        "Non-adjusted EPS": 4620,
        "PE": 3.7,
        "Book Price": 11.3
      }
    },
    {
      "quarter": "Q2 2014",
      "income status": {
        "Net sales": 1354531,
        "Cost of goods sold": 1119143,
        "Gross Profit": 235387,
        "Financial expenses": 3700,
        "Of which: Interest expense": 2378,
        "Cost of sales": 126736,
        "Enterprise cost management": 36753,
        "Total Operating Expenses": 167189,
        "Total revenue financing activities": 3964,
        "Net profit from business activities": 72162,
        "Profit": 3514,
        "Profit before tax": 75676,
        "Present corporate income tax expenses": 16438,
        "Deferred income taxes expenses": "N/A",
        "The interests of minority shareholders": "N/A",
        "Total Cost of profits": 16438,
        "Profit after tax corporate income": 59238,
        "Volume": 77832000,
        "Close of Quarter": 17.5,
        "EPS": 3436.6,
        "Non-adjusted EPS": 4983,
        "PE": 3.5,
        "Book Price": 13.2
      }
    },
    {
      "quarter": "Q1 2014",
      "income status": {
        "Net sales": 1825151,
        "Cost of goods sold": 1503677,
        "Gross Profit": 321475,
        "Financial expenses": 7837,
        "Of which: Interest expense": 6881,
        "Cost of sales": 86209,
        "Enterprise cost management": 40032,
        "Total Operating Expenses": 134078,
        "Total revenue financing activities": 4040,
        "Net profit from business activities": 191436,
        "Profit": 1278,
        "Profit before tax": 192714,
        "Present corporate income tax expenses": 42397,
        "Deferred income taxes expenses": "N/A",
        "The interests of minority shareholders": "N/A",
        "Total Cost of profits": 42397,
        "Profit after tax corporate income": 150317,
        "Volume": 77832000,
        "Close of Quarter": 22.3,
        "EPS": 3977.2,
        "Non-adjusted EPS": 5767,
        "PE": 3.9,
        "Book Price": 12.8
      }
    },
    {
      "quarter": "Q4 2013",
      "income status": {
        "Net sales": 612501,
        "Cost of goods sold": 291214,
        "Gross Profit": 321287,
        "Financial expenses": 16208,
        "Of which: Interest expense": 12198,
        "Cost of sales": 109797,
        "Enterprise cost management": 41995,
        "Total Operating Expenses": 168000,
        "Total revenue financing activities": 2015,
        "Net profit from business activities": 155301,
        "Profit": 6460,
        "Profit before tax": 161761,
        "Present corporate income tax expenses": 39942,
        "Deferred income taxes expenses": "N/A",
        "The interests of minority shareholders": "N/A",
        "Total Cost of profits": 39942,
        "Profit after tax corporate income": 121819,
        "Volume": 77832000,
        "Close of Quarter": 17.2,
        "EPS": 3962.8,
        "Non-adjusted EPS": 5746,
        "PE": 3.0,
        "Book Price": 12.5
      }
    },
    {
      "quarter": "Q3 2013",
      "income status": {
        "Net sales": 1022159,
        "Cost of goods sold": 842941,
        "Gross Profit": 179218,
        "Financial expenses": 14508,
        "Of which: Interest expense": 13677,
        "Cost of sales": 58545,
        "Enterprise cost management": 36509,
        "Total Operating Expenses": 109562,
        "Total revenue financing activities": 3197,
        "Net profit from business activities": 72853,
        "Profit": 2474,
        "Profit before tax": 75326,
        "Present corporate income tax expenses": 18832,
        "Deferred income taxes expenses": "N/A",
        "The interests of minority shareholders": "N/A",
        "Total Cost of profits": 18832,
        "Profit after tax corporate income": 56495,
        "Volume": 77832000,
        "Close of Quarter": 15.9,
        "EPS": 3573.1,
        "Non-adjusted EPS": 5181,
        "PE": 3.1,
        "Book Price": 11.4
      }
    },
    {
      "quarter": "Q2 2013",
      "income status": {
        "Net sales": 1261226,
        "Cost of goods sold": 994625,
        "Gross Profit": 266601,
        "Financial expenses": 16078,
        "Of which: Interest expense": 13832,
        "Cost of sales": 53683,
        "Enterprise cost management": 44441,
        "Total Operating Expenses": 114202,
        "Total revenue financing activities": 4550,
        "Net profit from business activities": 156950,
        "Profit": 3339,
        "Profit before tax": 160290,
        "Present corporate income tax expenses": 40072,
        "Deferred income taxes expenses": "N/A",
        "The interests of minority shareholders": "N/A",
        "Total Cost of profits": 40072,
        "Profit after tax corporate income": 120217,
        "Volume": 64860000,
        "Close of Quarter": 15.8,
        "EPS": 3542.0,
        "Non-adjusted EPS": 6163,
        "PE": 2.6,
        "Book Price": 10.9
      }
    },
    {
      "quarter": "Q1 2013",
      "income status": {
        "Net sales": 1872728,
        "Cost of goods sold": 1539065,
        "Gross Profit": 333663,
        "Financial expenses": 17964,
        "Of which: Interest expense": 17032,
        "Cost of sales": 89311,
        "Enterprise cost management": 32264,
        "Total Operating Expenses": 139539,
        "Total revenue financing activities": 1682,
        "Net profit from business activities": 195806,
        "Profit": 2453,
        "Profit before tax": 198259,
        "Present corporate income tax expenses": 49565,
        "Deferred income taxes expenses": "N/A",
        "The interests of minority shareholders": "N/A",
        "Total Cost of profits": 49565,
        "Profit after tax corporate income": 148694,
        "Volume": 64860000,
        "Close of Quarter": 12.9,
        "EPS": 3636.8,
        "Non-adjusted EPS": 6328,
        "PE": 2.0,
        "Book Price": 11.9
      }
    },
    {
      "quarter": "Q4 2012",
      "income status": {
        "Net sales": 816978,
        "Cost of goods sold": 541585,
        "Gross Profit": 275393,
        "Financial expenses": 23379,
        "Of which: Interest expense": 20909,
        "Cost of sales": 110456,
        "Enterprise cost management": 44327,
        "Total Operating Expenses": 178162,
        "Total revenue financing activities": 2937,
        "Net profit from business activities": 100168,
        "Profit": 2903,
        "Profit before tax": 103071,
        "Present corporate income tax expenses": 25193,
        "Deferred income taxes expenses": "N/A",
        "The interests of minority shareholders": "N/A",
        "Total Cost of profits": 25193,
        "Profit after tax corporate income": 77879,
        "Volume": 64860000,
        "Close of Quarter": 9.8,
        "EPS": 3463.8,
        "Non-adjusted EPS": 6027,
        "PE": 1.6,
        "Book Price": 10.6
      }
    },
    {
      "quarter": "Q3 2012",
      "income status": {
        "Net sales": 811172,
        "Cost of goods sold": 646974,
        "Gross Profit": 164198,
        "Financial expenses": 11204,
        "Of which: Interest expense": 9315,
        "Cost of sales": 52472,
        "Enterprise cost management": 32469,
        "Total Operating Expenses": 96145,
        "Total revenue financing activities": 1108,
        "Net profit from business activities": 69162,
        "Profit": 1396,
        "Profit before tax": 70558,
        "Present corporate income tax expenses": 17639,
        "Deferred income taxes expenses": "N/A",
        "The interests of minority shareholders": "N/A",
        "Total Cost of profits": 17639,
        "Profit after tax corporate income": 52918,
        "Volume": 64860000,
        "Close of Quarter": 9.9,
        "EPS": 3359.2,
        "Non-adjusted EPS": 5845,
        "PE": 1.7,
        "Book Price": 9.8
      }
    },
    {
      "quarter": "Q2 2012",
      "income status": {
        "Net sales": 934291,
        "Cost of goods sold": 697034,
        "Gross Profit": 237257,
        "Financial expenses": 10228,
        "Of which: Interest expense": 9916,
        "Cost of sales": 32290,
        "Enterprise cost management": 31529,
        "Total Operating Expenses": 74047,
        "Total revenue financing activities": 5977,
        "Net profit from business activities": 169187,
        "Profit": 4635,
        "Profit before tax": 173822,
        "Present corporate income tax expenses": 42881,
        "Deferred income taxes expenses": "N/A",
        "The interests of minority shareholders": "N/A",
        "Total Cost of profits": 42881,
        "Profit after tax corporate income": 130941,
        "Volume": 64860000,
        "Close of Quarter": 8.7,
        "EPS": 3402.3,
        "Non-adjusted EPS": 5920,
        "PE": 1.5,
        "Book Price": 9.8
      }
    },
    {
      "quarter": "Q1 2012",
      "income status": {
        "Net sales": 1932411,
        "Cost of goods sold": 1609335,
        "Gross Profit": 323076,
        "Financial expenses": 26674,
        "Of which: Interest expense": 24920,
        "Cost of sales": 94851,
        "Enterprise cost management": 32195,
        "Total Operating Expenses": 153720,
        "Total revenue financing activities": 1899,
        "Net profit from business activities": 171254,
        "Profit": 941,
        "Profit before tax": 172195,
        "Present corporate income tax expenses": 43049,
        "Deferred income taxes expenses": "N/A",
        "The interests of minority shareholders": "N/A",
        "Total Cost of profits": 43049,
        "Profit after tax corporate income": 129146,
        "Volume": 54050000,
        "Close of Quarter": 6.8,
        "EPS": 2716.5,
        "Non-adjusted EPS": 5672,
        "PE": 1.2,
        "Book Price": 8.9
      }
    },
    {
      "quarter": "Q4 2011",
      "income status": {
        "Net sales": 707100,
        "Cost of goods sold": 513965,
        "Gross Profit": 193135,
        "Financial expenses": 25478,
        "Of which: Interest expense": 20405,
        "Cost of sales": 64248,
        "Enterprise cost management": 30733,
        "Total Operating Expenses": 120459,
        "Total revenue financing activities": 7696,
        "Net profit from business activities": 80371,
        "Profit": 7234,
        "Profit before tax": 87605,
        "Present corporate income tax expenses": 21479,
        "Deferred income taxes expenses": "N/A",
        "The interests of minority shareholders": "N/A",
        "Total Cost of profits": 21479,
        "Profit after tax corporate income": 66126,
        "Volume": 54050000,
        "Close of Quarter": "N/A",
        "EPS": 2619.7,
        "Non-adjusted EPS": 5470,
        "PE": "N/A",
        "Book Price": 7.7
      }
    },
    {
      "quarter": "Q3 2011",
      "income status": {
        "Net sales": 1273901,
        "Cost of goods sold": 1108930,
        "Gross Profit": 164971,
        "Financial expenses": 24035,
        "Of which: Interest expense": 23667,
        "Cost of sales": 40345,
        "Enterprise cost management": 28413,
        "Total Operating Expenses": 92793,
        "Total revenue financing activities": 3385,
        "Net profit from business activities": 75563,
        "Profit": 1431,
        "Profit before tax": 76994,
        "Present corporate income tax expenses": 19249,
        "Deferred income taxes expenses": "N/A",
        "The interests of minority shareholders": "N/A",
        "Total Cost of profits": 19249,
        "Profit after tax corporate income": 57746,
        "Volume": 54050000,
        "Close of Quarter": "N/A",
        "EPS": 3492.8,
        "Non-adjusted EPS": 7293,
        "PE": "N/A",
        "Book Price": "N/A"
      }
    },
    {
      "quarter": "Q2 2011",
      "income status": {
        "Net sales": 611290,
        "Cost of goods sold": 465972,
        "Gross Profit": 145318,
        "Financial expenses": 23797,
        "Of which: Interest expense": 21011,
        "Cost of sales": 25961,
        "Enterprise cost management": 28347,
        "Total Operating Expenses": 78105,
        "Total revenue financing activities": 3139,
        "Net profit from business activities": 70352,
        "Profit": 860,
        "Profit before tax": 71213,
        "Present corporate income tax expenses": 17640,
        "Deferred income taxes expenses": "N/A",
        "The interests of minority shareholders": "N/A",
        "Total Cost of profits": 17640,
        "Profit after tax corporate income": 53573,
        "Volume": 54050000,
        "Close of Quarter": "N/A",
        "EPS": 2981.3,
        "Non-adjusted EPS": 6225,
        "PE": "N/A",
        "Book Price": 6.1
      }
    },
    {
      "quarter": "Q1 2011",
      "income status": {
        "Net sales": 1463871,
        "Cost of goods sold": 1173969,
        "Gross Profit": 289902,
        "Financial expenses": 25501,
        "Of which: Interest expense": 25127,
        "Cost of sales": 89351,
        "Enterprise cost management": 22523,
        "Total Operating Expenses": 137375,
        "Total revenue financing activities": 3264,
        "Net profit from business activities": 155791,
        "Profit": 1797,
        "Profit before tax": 157588,
        "Present corporate income tax expenses": 39397,
        "Deferred income taxes expenses": "N/A",
        "The interests of minority shareholders": "N/A",
        "Total Cost of profits": 39397,
        "Profit after tax corporate income": 118191,
        "Volume": 54050000,
        "Close of Quarter": "N/A",
        "EPS": 2506.2,
        "Non-adjusted EPS": 5233,
        "PE": "N/A",
        "Book Price": "N/A"
      }
    },
    {
      "quarter": "Q4 2010",
      "income status": {
        "Net sales": 983709,
        "Cost of goods sold": 673430,
        "Gross Profit": 310278,
        "Financial expenses": 24787,
        "Of which: Interest expense": 24465,
        "Cost of sales": 65662,
        "Enterprise cost management": 6920,
        "Total Operating Expenses": 97369,
        "Total revenue financing activities": 2912,
        "Net profit from business activities": 215821,
        "Profit": 3748,
        "Profit before tax": 219569,
        "Present corporate income tax expenses": 54892,
        "Deferred income taxes expenses": "N/A",
        "The interests of minority shareholders": "N/A",
        "Total Cost of profits": 54892,
        "Profit after tax corporate income": 164677,
        "Volume": 54050000,
        "Close of Quarter": "N/A",
        "EPS": 1459.3,
        "Non-adjusted EPS": 3047,
        "PE": "N/A",
        "Book Price": 6.4
      }
    }
  ]
}