{
  "ticker": "VTG",
  "data": [
    {
      "quarter": "Q1 2017",
      "income status": {
        "Net sales": 42014,
        "Cost of goods sold": 20249,
        "Gross Profit": 21766,
        "Financial expenses": 331,
        "Of which: Interest expense": 228,
        "Cost of sales": 8193,
        "Enterprise cost management": 13890,
        "Total Operating Expenses": 22414,
        "Total revenue financing activities": 888,
        "Net profit from business activities": 239,
        "Profit": -4652,
        "Profit before tax": -4412,
        "Present corporate income tax expenses": 95,
        "Deferred income taxes expenses": "N/A",
        "The interests of minority shareholders": 196,
        "Total Cost of profits": 291,
        "Profit after tax corporate income": -4704,
        "Volume": 18644500,
        "Close of Quarter": 12,
        "EPS": -220,
        "Non-adjusted EPS": -220,
        "PE": -54.6,
        "Book Price": 9.1
      }
    },
    {
      "quarter": "Q4 2016",
      "income status": {
        "Net sales": 31047,
        "Cost of goods sold": 19421,
        "Gross Profit": 11626,
        "Financial expenses": 91,
        "Of which: Interest expense": 91,
        "Cost of sales": 7281,
        "Enterprise cost management": 8879,
        "Total Operating Expenses": 16251,
        "Total revenue financing activities": 3733,
        "Net profit from business activities": -892,
        "Profit": -186,
        "Profit before tax": -1079,
        "Present corporate income tax expenses": 103,
        "Deferred income taxes expenses": "N/A",
        "The interests of minority shareholders": 179,
        "Total Cost of profits": 282,
        "Profit after tax corporate income": -1361,
        "Volume": 18644500,
        "Close of Quarter": 11.4,
        "EPS": 36,
        "Non-adjusted EPS": 36,
        "PE": 316.7,
        "Book Price": 9.9
      }
    },
    {
      "quarter": "Q3 2016",
      "income status": {
        "Net sales": 44742,
        "Cost of goods sold": 20884,
        "Gross Profit": 23858,
        "Financial expenses": 409,
        "Of which: Interest expense": 409,
        "Cost of sales": 8746,
        "Enterprise cost management": 11784,
        "Total Operating Expenses": 20939,
        "Total revenue financing activities": 123,
        "Net profit from business activities": 3042,
        "Profit": -16,
        "Profit before tax": 3025,
        "Present corporate income tax expenses": 102,
        "Deferred income taxes expenses": "N/A",
        "The interests of minority shareholders": 228,
        "Total Cost of profits": 330,
        "Profit after tax corporate income": 2695,
        "Volume": 18644500,
        "Close of Quarter": 22.5,
        "EPS": 152,
        "Non-adjusted EPS": 152,
        "PE": 148.0,
        "Book Price": 10
      }
    },
    {
      "quarter": "Q2 2016",
      "income status": {
        "Net sales": 40508,
        "Cost of goods sold": 20715,
        "Gross Profit": 19793,
        "Financial expenses": 397,
        "Of which: Interest expense": 396,
        "Cost of sales": 7828,
        "Enterprise cost management": 12434,
        "Total Operating Expenses": 20659,
        "Total revenue financing activities": 44,
        "Net profit from business activities": -822,
        "Profit": 383,
        "Profit before tax": -439,
        "Present corporate income tax expenses": 99,
        "Deferred income taxes expenses": "N/A",
        "The interests of minority shareholders": 201,
        "Total Cost of profits": 300,
        "Profit after tax corporate income": -738,
        "Volume": 18644500,
        "Close of Quarter": 16.5,
        "EPS": 44,
        "Non-adjusted EPS": 44,
        "PE": 375,
        "Book Price": 9.9
      }
    },
    {
      "quarter": "Q1 2016",
      "income status": {
        "Net sales": 36361,
        "Cost of goods sold": 18114,
        "Gross Profit": 18247,
        "Financial expenses": 293,
        "Of which: Interest expense": 150,
        "Cost of sales": 8015,
        "Enterprise cost management": 11138,
        "Total Operating Expenses": 19446,
        "Total revenue financing activities": 1189,
        "Net profit from business activities": -10,
        "Profit": 311,
        "Profit before tax": 301,
        "Present corporate income tax expenses": 74,
        "Deferred income taxes expenses": "N/A",
        "The interests of minority shareholders": 148,
        "Total Cost of profits": 222,
        "Profit after tax corporate income": 80,
        "Volume": 18644500,
        "Close of Quarter": 17.5,
        "EPS": -48,
        "Non-adjusted EPS": -48,
        "PE": -364.6,
        "Book Price": 9.9
      }
    },
    {
      "quarter": "Q3 2015",
      "income status": {
        "Net sales": 42107,
        "Cost of goods sold": 20903,
        "Gross Profit": 21205,
        "Financial expenses": 217,
        "Of which: Interest expense": 217,
        "Cost of sales": 8051,
        "Enterprise cost management": 12149,
        "Total Operating Expenses": 20417,
        "Total revenue financing activities": 161,
        "Net profit from business activities": 948,
        "Profit": 104,
        "Profit before tax": 1053,
        "Present corporate income tax expenses": 87,
        "Deferred income taxes expenses": "N/A",
        "The interests of minority shareholders": 164,
        "Total Cost of profits": 251,
        "Profit after tax corporate income": 801,
        "Volume": 18644500,
        "Close of Quarter": "N/A",
        "EPS": -53,
        "Non-adjusted EPS": -53,
        "PE": "N/A",
        "Book Price": "N/A"
      }
    },
    {
      "quarter": "Q2 2015",
      "income status": {
        "Net sales": 42901,
        "Cost of goods sold": 21209,
        "Gross Profit": 21692,
        "Financial expenses": 169,
        "Of which: Interest expense": 159,
        "Cost of sales": 7900,
        "Enterprise cost management": 13207,
        "Total Operating Expenses": 21276,
        "Total revenue financing activities": 104,
        "Net profit from business activities": 520,
        "Profit": 204,
        "Profit before tax": 724,
        "Present corporate income tax expenses": 51,
        "Deferred income taxes expenses": "N/A",
        "The interests of minority shareholders": "N/A",
        "Total Cost of profits": 51,
        "Profit after tax corporate income": 673,
        "Volume": 18644500,
        "Close of Quarter": "N/A",
        "EPS": -96,
        "Non-adjusted EPS": -96,
        "PE": "N/A",
        "Book Price": 9.6
      }
    },
    {
      "quarter": "Q1 2015",
      "income status": {
        "Net sales": 33793,
        "Cost of goods sold": 18012,
        "Gross Profit": 15781,
        "Financial expenses": 170,
        "Of which: Interest expense": 170,
        "Cost of sales": 6712,
        "Enterprise cost management": 11405,
        "Total Operating Expenses": 18287,
        "Total revenue financing activities": 112,
        "Net profit from business activities": -2393,
        "Profit": 159,
        "Profit before tax": -2234,
        "Present corporate income tax expenses": 80,
        "Deferred income taxes expenses": "N/A",
        "The interests of minority shareholders": 143,
        "Total Cost of profits": 223,
        "Profit after tax corporate income": -2457,
        "Volume": 18644500,
        "Close of Quarter": "N/A",
        "EPS": -132,
        "Non-adjusted EPS": -132,
        "PE": "N/A",
        "Book Price": "N/A"
      }
    }
  ]
}