{
  "ticker": "MPT",
  "data": [
    {
      "quarter": "Q1 2017",
      "income status": {
        "Net sales": 37083,
        "Cost of goods sold": 28414,
        "Gross Profit": 8669,
        "Financial expenses": 2412,
        "Of which: Interest expense": 2378,
        "Cost of sales": 480,
        "Enterprise cost management": 1688,
        "Total Operating Expenses": 4580,
        "Total revenue financing activities": 206,
        "Net profit from business activities": 4295,
        "Profit": -403,
        "Profit before tax": 3892,
        "Present corporate income tax expenses": 916,
        "Deferred income taxes expenses": "N/A",
        "The interests of minority shareholders": 134,
        "Total Cost of profits": 1050,
        "Profit after tax corporate income": 2842,
        "Volume": 15552000,
        "Close of Quarter": 5.1,
        "EPS": 396,
        "Non-adjusted EPS": 396,
        "PE": 12.9,
        "Book Price": 11.4
      }
    },
    {
      "quarter": "Q4 2016",
      "income status": {
        "Net sales": 47236,
        "Cost of goods sold": 40807,
        "Gross Profit": 6429,
        "Financial expenses": 2548,
        "Of which: Interest expense": 1512,
        "Cost of sales": 541,
        "Enterprise cost management": 2117,
        "Total Operating Expenses": 5206,
        "Total revenue financing activities": 561,
        "Net profit from business activities": 1784,
        "Profit": 455,
        "Profit before tax": 2238,
        "Present corporate income tax expenses": 538,
        "Deferred income taxes expenses": "N/A",
        "The interests of minority shareholders": 111,
        "Total Cost of profits": 649,
        "Profit after tax corporate income": 1589,
        "Volume": 9600000,
        "Close of Quarter": 5.6,
        "EPS": 383.3,
        "Non-adjusted EPS": 621,
        "PE": 9.0,
        "Book Price": 11.3
      }
    },
    {
      "quarter": "Q3 2016",
      "income status": {
        "Net sales": 35680,
        "Cost of goods sold": 30766,
        "Gross Profit": 4914,
        "Financial expenses": 2618,
        "Of which: Interest expense": "N/A",
        "Cost of sales": 454,
        "Enterprise cost management": 1483,
        "Total Operating Expenses": 4555,
        "Total revenue financing activities": 481,
        "Net profit from business activities": 839,
        "Profit": 203,
        "Profit before tax": 1042,
        "Present corporate income tax expenses": 283,
        "Deferred income taxes expenses": "N/A",
        "The interests of minority shareholders": 63,
        "Total Cost of profits": 346,
        "Profit after tax corporate income": 696,
        "Volume": 9600000,
        "Close of Quarter": 5.3,
        "EPS": 486.4,
        "Non-adjusted EPS": 788,
        "PE": 6.8,
        "Book Price": 8.2
      }
    },
    {
      "quarter": "Q2 2016",
      "income status": {
        "Net sales": 27175,
        "Cost of goods sold": 21767,
        "Gross Profit": 5408,
        "Financial expenses": 2275,
        "Of which: Interest expense": 3881,
        "Cost of sales": 348,
        "Enterprise cost management": 1648,
        "Total Operating Expenses": 4271,
        "Total revenue financing activities": 348,
        "Net profit from business activities": 1485,
        "Profit": -185,
        "Profit before tax": 1300,
        "Present corporate income tax expenses": 280,
        "Deferred income taxes expenses": "N/A",
        "The interests of minority shareholders": -8,
        "Total Cost of profits": 272,
        "Profit after tax corporate income": 1027,
        "Volume": 9600000,
        "Close of Quarter": 11.0,
        "EPS": 513.0,
        "Non-adjusted EPS": 831,
        "PE": 13.3,
        "Book Price": 8.1
      }
    },
    {
      "quarter": "Q1 2016",
      "income status": {
        "Net sales": 22937,
        "Cost of goods sold": 16412,
        "Gross Profit": 6525,
        "Financial expenses": 1634,
        "Of which: Interest expense": "N/A",
        "Cost of sales": 428,
        "Enterprise cost management": 1607,
        "Total Operating Expenses": 3669,
        "Total revenue financing activities": 721,
        "Net profit from business activities": 3577,
        "Profit": 4,
        "Profit before tax": 3581,
        "Present corporate income tax expenses": 742,
        "Deferred income taxes expenses": "N/A",
        "The interests of minority shareholders": 193,
        "Total Cost of profits": 935,
        "Profit after tax corporate income": 2647,
        "Volume": 9600000,
        "Close of Quarter": 16.0,
        "EPS": 1124.7,
        "Non-adjusted EPS": 1822,
        "PE": 8.8,
        "Book Price": 8.0
      }
    },
    {
      "quarter": "Q4 2015",
      "income status": {
        "Net sales": 30211,
        "Cost of goods sold": 21570,
        "Gross Profit": 8641,
        "Financial expenses": 2183,
        "Of which: Interest expense": 2096,
        "Cost of sales": 234,
        "Enterprise cost management": 2453,
        "Total Operating Expenses": 4870,
        "Total revenue financing activities": 320,
        "Net profit from business activities": 4091,
        "Profit": 2,
        "Profit before tax": 4093,
        "Present corporate income tax expenses": 701,
        "Deferred income taxes expenses": "N/A",
        "The interests of minority shareholders": 201,
        "Total Cost of profits": 902,
        "Profit after tax corporate income": 3191,
        "Volume": 9600000,
        "Close of Quarter": "N/A",
        "EPS": 954.9,
        "Non-adjusted EPS": 1547,
        "PE": "N/A",
        "Book Price": 7.9
      }
    },
    {
      "quarter": "Q3 2015",
      "income status": {
        "Net sales": 15589,
        "Cost of goods sold": 11097,
        "Gross Profit": 4492,
        "Financial expenses": 1383,
        "Of which: Interest expense": 1367,
        "Cost of sales": 256,
        "Enterprise cost management": 1771,
        "Total Operating Expenses": 3410,
        "Total revenue financing activities": 531,
        "Net profit from business activities": 1613,
        "Profit": -16,
        "Profit before tax": 1597,
        "Present corporate income tax expenses": 496,
        "Deferred income taxes expenses": "N/A",
        "The interests of minority shareholders": -15,
        "Total Cost of profits": 481,
        "Profit after tax corporate income": 1117,
        "Volume": 9600000,
        "Close of Quarter": "N/A",
        "EPS": 749.4,
        "Non-adjusted EPS": 1214,
        "PE": "N/A",
        "Book Price": 7.7
      }
    },
    {
      "quarter": "Q2 2015",
      "income status": {
        "Net sales": 45468,
        "Cost of goods sold": 38026,
        "Gross Profit": 7443,
        "Financial expenses": 2132,
        "Of which: Interest expense": "N/A",
        "Cost of sales": 807,
        "Enterprise cost management": 3047,
        "Total Operating Expenses": 5986,
        "Total revenue financing activities": 12071,
        "Net profit from business activities": 13527,
        "Profit": -12,
        "Profit before tax": 13515,
        "Present corporate income tax expenses": 2976,
        "Deferred income taxes expenses": "N/A",
        "The interests of minority shareholders": "N/A",
        "Total Cost of profits": 2976,
        "Profit after tax corporate income": 10539,
        "Volume": 9600000,
        "Close of Quarter": "N/A",
        "EPS": 677.8,
        "Non-adjusted EPS": 1098,
        "PE": "N/A",
        "Book Price": 7.8
      }
    }
  ]
}