{
  "ticker": "TFC",
  "data": [
    {
      "quarter": "Q1 2017",
      "income status": {
        "Net sales": 62417,
        "Cost of goods sold": 57233,
        "Gross Profit": 5185,
        "Financial expenses": 2954,
        "Of which: Interest expense": 2285,
        "Cost of sales": 3508,
        "Enterprise cost management": 8574,
        "Total Operating Expenses": 15036,
        "Total revenue financing activities": 1730,
        "Net profit from business activities": -8123,
        "Profit": -42,
        "Profit before tax": -8164,
        "Present corporate income tax expenses": "N/A",
        "Deferred income taxes expenses": "N/A",
        "The interests of minority shareholders": -1188,
        "Total Cost of profits": -1188,
        "Profit after tax corporate income": -6976,
        "Volume": 16829994,
        "Close of Quarter": 6.8,
        "EPS": -34,
        "Non-adjusted EPS": -34,
        "PE": -200,
        "Book Price": 11.5
      }
    },
    {
      "quarter": "Q4 2016",
      "income status": {
        "Net sales": 121080,
        "Cost of goods sold": 105949,
        "Gross Profit": 15131,
        "Financial expenses": 2594,
        "Of which: Interest expense": 1306,
        "Cost of sales": 222,
        "Enterprise cost management": 10557,
        "Total Operating Expenses": 13373,
        "Total revenue financing activities": 1415,
        "Net profit from business activities": 3173,
        "Profit": -181,
        "Profit before tax": 2993,
        "Present corporate income tax expenses": 342,
        "Deferred income taxes expenses": "N/A",
        "The interests of minority shareholders": -132,
        "Total Cost of profits": 210,
        "Profit after tax corporate income": 2783,
        "Volume": 16829994,
        "Close of Quarter": 7.5,
        "EPS": 144,
        "Non-adjusted EPS": 144,
        "PE": 52.1,
        "Book Price": 12.1
      }
    },
    {
      "quarter": "Q3 2016",
      "income status": {
        "Net sales": 123317,
        "Cost of goods sold": 96209,
        "Gross Profit": 27108,
        "Financial expenses": 1621,
        "Of which: Interest expense": 1398,
        "Cost of sales": 4133,
        "Enterprise cost management": 7901,
        "Total Operating Expenses": 13655,
        "Total revenue financing activities": 1307,
        "Net profit from business activities": 14761,
        "Profit": -701,
        "Profit before tax": 14059,
        "Present corporate income tax expenses": 49,
        "Deferred income taxes expenses": "N/A",
        "The interests of minority shareholders": -80,
        "Total Cost of profits": -31,
        "Profit after tax corporate income": 14090,
        "Volume": 16829994,
        "Close of Quarter": 9.3,
        "EPS": -362,
        "Non-adjusted EPS": -362,
        "PE": -25.7,
        "Book Price": 11.9
      }
    },
    {
      "quarter": "Q2 2016",
      "income status": {
        "Net sales": 41632,
        "Cost of goods sold": 40449,
        "Gross Profit": 1184,
        "Financial expenses": 1532,
        "Of which: Interest expense": 1253,
        "Cost of sales": 2598,
        "Enterprise cost management": 8803,
        "Total Operating Expenses": 12933,
        "Total revenue financing activities": 1069,
        "Net profit from business activities": -10680,
        "Profit": 66,
        "Profit before tax": -10613,
        "Present corporate income tax expenses": "N/A",
        "Deferred income taxes expenses": "N/A",
        "The interests of minority shareholders": -149,
        "Total Cost of profits": -149,
        "Profit after tax corporate income": -10464,
        "Volume": 11000000,
        "Close of Quarter": 10.7,
        "EPS": 32.7,
        "Non-adjusted EPS": 50,
        "PE": 213.4,
        "Book Price": 11.1
      }
    },
    {
      "quarter": "Q1 2016",
      "income status": {
        "Net sales": 58598,
        "Cost of goods sold": 50367,
        "Gross Profit": 8231,
        "Financial expenses": 1868,
        "Of which: Interest expense": 1392,
        "Cost of sales": 2722,
        "Enterprise cost management": 9504,
        "Total Operating Expenses": 14094,
        "Total revenue financing activities": 1786,
        "Net profit from business activities": -4078,
        "Profit": -8,
        "Profit before tax": -4086,
        "Present corporate income tax expenses": "N/A",
        "Deferred income taxes expenses": "N/A",
        "The interests of minority shareholders": -95,
        "Total Cost of profits": -95,
        "Profit after tax corporate income": -3991,
        "Volume": 11000000,
        "Close of Quarter": 17.4,
        "EPS": 1517.7,
        "Non-adjusted EPS": 2322,
        "PE": 7.5,
        "Book Price": 11.9
      }
    },
    {
      "quarter": "Q4 2015",
      "income status": {
        "Net sales": 123016,
        "Cost of goods sold": 109531,
        "Gross Profit": 13485,
        "Financial expenses": 5327,
        "Of which: Interest expense": 1940,
        "Cost of sales": 1891,
        "Enterprise cost management": 12527,
        "Total Operating Expenses": 19745,
        "Total revenue financing activities": 1749,
        "Net profit from business activities": -4511,
        "Profit": -30,
        "Profit before tax": -4541,
        "Present corporate income tax expenses": 1560,
        "Deferred income taxes expenses": "N/A",
        "The interests of minority shareholders": -374,
        "Total Cost of profits": 1186,
        "Profit after tax corporate income": -5727,
        "Volume": 11000000,
        "Close of Quarter": 21.4,
        "EPS": 1754.9,
        "Non-adjusted EPS": 2685,
        "PE": 8.0,
        "Book Price": "N/A"
      }
    },
    {
      "quarter": "Q3 2015",
      "income status": {
        "Net sales": 149993,
        "Cost of goods sold": 115674,
        "Gross Profit": 34319,
        "Financial expenses": 3767,
        "Of which: Interest expense": 1761,
        "Cost of sales": 3046,
        "Enterprise cost management": 7845,
        "Total Operating Expenses": 14658,
        "Total revenue financing activities": 1832,
        "Net profit from business activities": 21494,
        "Profit": -31,
        "Profit before tax": 21464,
        "Present corporate income tax expenses": 846,
        "Deferred income taxes expenses": "N/A",
        "The interests of minority shareholders": -115,
        "Total Cost of profits": 731,
        "Profit after tax corporate income": 20733,
        "Volume": 11000000,
        "Close of Quarter": "N/A",
        "EPS": 2094.8,
        "Non-adjusted EPS": 3205,
        "PE": "N/A",
        "Book Price": "N/A"
      }
    },
    {
      "quarter": "Q1 2015",
      "income status": {
        "Net sales": 94951,
        "Cost of goods sold": 70431,
        "Gross Profit": 24520,
        "Financial expenses": 2502,
        "Of which: Interest expense": 1807,
        "Cost of sales": 1942,
        "Enterprise cost management": 7051,
        "Total Operating Expenses": 11495,
        "Total revenue financing activities": 1219,
        "Net profit from business activities": 14244,
        "Profit": -33,
        "Profit before tax": 14210,
        "Present corporate income tax expenses": 107,
        "Deferred income taxes expenses": "N/A",
        "The interests of minority shareholders": -422,
        "Total Cost of profits": -315,
        "Profit after tax corporate income": 14526,
        "Volume": 11000000,
        "Close of Quarter": "N/A",
        "EPS": 863.4,
        "Non-adjusted EPS": 1321,
        "PE": "N/A",
        "Book Price": "N/A"
      }
    }
  ]
}