{
  "ticker": "KSA",
  "data": [
    {
      "quarter": "Q1 2017",
      "income status": {
        "Net sales": 32349,
        "Cost of goods sold": 31653,
        "Gross Profit": 696,
        "Financial expenses": "N/A",
        "Of which: Interest expense": "N/A",
        "Cost of sales": "N/A",
        "Enterprise cost management": 364,
        "Total Operating Expenses": 364,
        "Total revenue financing activities": 1525,
        "Net profit from business activities": 1857,
        "Profit": "N/A",
        "Profit before tax": 1857,
        "Present corporate income tax expenses": 371,
        "Deferred income taxes expenses": "N/A",
        "The interests of minority shareholders": "N/A",
        "Total Cost of profits": 371,
        "Profit after tax corporate income": 1486,
        "Volume": 93427360,
        "Close of Quarter": 1.8,
        "EPS": 75,
        "Non-adjusted EPS": 75,
        "PE": 24.3,
        "Book Price": 13.1
      }
    },
    {
      "quarter": "Q4 2016",
      "income status": {
        "Net sales": 61084,
        "Cost of goods sold": 60897,
        "Gross Profit": 187,
        "Financial expenses": "N/A",
        "Of which: Interest expense": "N/A",
        "Cost of sales": 18,
        "Enterprise cost management": 353,
        "Total Operating Expenses": 371,
        "Total revenue financing activities": 827,
        "Net profit from business activities": 643,
        "Profit": "N/A",
        "Profit before tax": 643,
        "Present corporate income tax expenses": 129,
        "Deferred income taxes expenses": "N/A",
        "The interests of minority shareholders": "N/A",
        "Total Cost of profits": 129,
        "Profit after tax corporate income": 514,
        "Volume": 93427360,
        "Close of Quarter": 1.5,
        "EPS": 70,
        "Non-adjusted EPS": 70,
        "PE": 21,
        "Book Price": 10.5
      }
    },
    {
      "quarter": "Q3 2016",
      "income status": {
        "Net sales": 23029,
        "Cost of goods sold": 22538,
        "Gross Profit": 492,
        "Financial expenses": "N/A",
        "Of which: Interest expense": "N/A",
        "Cost of sales": "N/A",
        "Enterprise cost management": 592,
        "Total Operating Expenses": 592,
        "Total revenue financing activities": 1997,
        "Net profit from business activities": 1897,
        "Profit": "N/A",
        "Profit before tax": 1897,
        "Present corporate income tax expenses": 379,
        "Deferred income taxes expenses": "N/A",
        "The interests of minority shareholders": "N/A",
        "Total Cost of profits": 379,
        "Profit after tax corporate income": 1518,
        "Volume": 93427360,
        "Close of Quarter": 1.5,
        "EPS": 98,
        "Non-adjusted EPS": 98,
        "PE": 14.8,
        "Book Price": 10.5
      }
    },
    {
      "quarter": "Q2 2016",
      "income status": {
        "Net sales": 89948,
        "Cost of goods sold": 87814,
        "Gross Profit": 2134,
        "Financial expenses": "N/A",
        "Of which: Interest expense": "N/A",
        "Cost of sales": -66,
        "Enterprise cost management": 822,
        "Total Operating Expenses": 756,
        "Total revenue financing activities": 3129,
        "Net profit from business activities": 4506,
        "Profit": "N/A",
        "Profit before tax": 4506,
        "Present corporate income tax expenses": 901,
        "Deferred income taxes expenses": "N/A",
        "The interests of minority shareholders": 143,
        "Total Cost of profits": 1044,
        "Profit after tax corporate income": 3462,
        "Volume": 93427360,
        "Close of Quarter": 3.6,
        "EPS": 94,
        "Non-adjusted EPS": 94,
        "PE": 38.3,
        "Book Price": 10.5
      }
    },
    {
      "quarter": "Q1 2016",
      "income status": {
        "Net sales": 69304,
        "Cost of goods sold": 68104,
        "Gross Profit": 1200,
        "Financial expenses": "N/A",
        "Of which: Interest expense": "N/A",
        "Cost of sales": 66,
        "Enterprise cost management": 626,
        "Total Operating Expenses": 692,
        "Total revenue financing activities": 838,
        "Net profit from business activities": 1346,
        "Profit": "N/A",
        "Profit before tax": 1346,
        "Present corporate income tax expenses": 269,
        "Deferred income taxes expenses": "N/A",
        "The interests of minority shareholders": "N/A",
        "Total Cost of profits": 269,
        "Profit after tax corporate income": 1077,
        "Volume": 93427360,
        "Close of Quarter": 6.3,
        "EPS": 50,
        "Non-adjusted EPS": 50,
        "PE": 126,
        "Book Price": 10.5
      }
    },
    {
      "quarter": "Q4 2015",
      "income status": {
        "Net sales": 82289,
        "Cost of goods sold": 80321,
        "Gross Profit": 1968,
        "Financial expenses": "N/A",
        "Of which: Interest expense": "N/A",
        "Cost of sales": 24,
        "Enterprise cost management": 661,
        "Total Operating Expenses": 685,
        "Total revenue financing activities": 2611,
        "Net profit from business activities": 3894,
        "Profit": "N/A",
        "Profit before tax": 3894,
        "Present corporate income tax expenses": 779,
        "Deferred income taxes expenses": "N/A",
        "The interests of minority shareholders": 45,
        "Total Cost of profits": 824,
        "Profit after tax corporate income": 3071,
        "Volume": 93427360,
        "Close of Quarter": 5.4,
        "EPS": 59,
        "Non-adjusted EPS": 59,
        "PE": 91.5,
        "Book Price": 10.5
      }
    },
    {
      "quarter": "Q3 2015",
      "income status": {
        "Net sales": 5224,
        "Cost of goods sold": 5036,
        "Gross Profit": 188,
        "Financial expenses": "N/A",
        "Of which: Interest expense": "N/A",
        "Cost of sales": 24,
        "Enterprise cost management": 388,
        "Total Operating Expenses": 412,
        "Total revenue financing activities": 1786,
        "Net profit from business activities": 1563,
        "Profit": "N/A",
        "Profit before tax": 1563,
        "Present corporate income tax expenses": 303,
        "Deferred income taxes expenses": "N/A",
        "The interests of minority shareholders": 45,
        "Total Cost of profits": 348,
        "Profit after tax corporate income": 1215,
        "Volume": 37370944,
        "Close of Quarter": 4.4,
        "EPS": 54.4,
        "Non-adjusted EPS": 136,
        "PE": 32.4,
        "Book Price": 4.4
      }
    },
    {
      "quarter": "Q2 2015",
      "income status": {
        "Net sales": 2450,
        "Cost of goods sold": 3001,
        "Gross Profit": -551,
        "Financial expenses": -45885,
        "Of which: Interest expense": "N/A",
        "Cost of sales": 27,
        "Enterprise cost management": 1026,
        "Total Operating Expenses": -44832,
        "Total revenue financing activities": -42573,
        "Net profit from business activities": 309,
        "Profit": -517,
        "Profit before tax": -208,
        "Present corporate income tax expenses": 440,
        "Deferred income taxes expenses": "N/A",
        "The interests of minority shareholders": 90,
        "Total Cost of profits": 530,
        "Profit after tax corporate income": -738,
        "Volume": 37370944,
        "Close of Quarter": 6,
        "EPS": 46.4,
        "Non-adjusted EPS": 116,
        "PE": 51.7,
        "Book Price": 4.4
      }
    },
    {
      "quarter": "Q1 2015",
      "income status": {
        "Net sales": 18457,
        "Cost of goods sold": 17571,
        "Gross Profit": 887,
        "Financial expenses": 45885,
        "Of which: Interest expense": "N/A",
        "Cost of sales": 27,
        "Enterprise cost management": 896,
        "Total Operating Expenses": 46808,
        "Total revenue financing activities": 46675,
        "Net profit from business activities": 2152,
        "Profit": "N/A",
        "Profit before tax": 2152,
        "Present corporate income tax expenses": 166,
        "Deferred income taxes expenses": "N/A",
        "The interests of minority shareholders": "N/A",
        "Total Cost of profits": 166,
        "Profit after tax corporate income": 1986,
        "Volume": 37370944,
        "Close of Quarter": 9,
        "EPS": 151.6,
        "Non-adjusted EPS": 379,
        "PE": 23.8,
        "Book Price": 4.6
      }
    },
    {
      "quarter": "Q4 2014",
      "income status": {
        "Net sales": 34613,
        "Cost of goods sold": 32820,
        "Gross Profit": 1793,
        "Financial expenses": "N/A",
        "Of which: Interest expense": "N/A",
        "Cost of sales": 75,
        "Enterprise cost management": 165,
        "Total Operating Expenses": 240,
        "Total revenue financing activities": 2160,
        "Net profit from business activities": 3713,
        "Profit": -330,
        "Profit before tax": 3384,
        "Present corporate income tax expenses": 774,
        "Deferred income taxes expenses": "N/A",
        "The interests of minority shareholders": "N/A",
        "Total Cost of profits": 774,
        "Profit after tax corporate income": 2610,
        "Volume": 37370944,
        "Close of Quarter": 9,
        "EPS": 234.4,
        "Non-adjusted EPS": 586,
        "PE": 15.4,
        "Book Price": 4.5
      }
    },
    {
      "quarter": "Q3 2014",
      "income status": {
        "Net sales": "N/A",
        "Cost of goods sold": "N/A",
        "Gross Profit": "N/A",
        "Financial expenses": 58,
        "Of which: Interest expense": "N/A",
        "Cost of sales": 27,
        "Enterprise cost management": 2027,
        "Total Operating Expenses": 2112,
        "Total revenue financing activities": 2791,
        "Net profit from business activities": 679,
        "Profit": -60,
        "Profit before tax": 620,
        "Present corporate income tax expenses": 136,
        "Deferred income taxes expenses": "N/A",
        "The interests of minority shareholders": "N/A",
        "Total Cost of profits": 136,
        "Profit after tax corporate income": 483,
        "Volume": 37370944,
        "Close of Quarter": 9.5,
        "EPS": 298.8,
        "Non-adjusted EPS": 747,
        "PE": 12.7,
        "Book Price": 4.5
      }
    },
    {
      "quarter": "Q2 2014",
      "income status": {
        "Net sales": 6507,
        "Cost of goods sold": 4622,
        "Gross Profit": 1885,
        "Financial expenses": 229,
        "Of which: Interest expense": 208,
        "Cost of sales": 6,
        "Enterprise cost management": 2084,
        "Total Operating Expenses": 2319,
        "Total revenue financing activities": 541,
        "Net profit from business activities": 9087,
        "Profit": -2,
        "Profit before tax": 9085,
        "Present corporate income tax expenses": 23,
        "Deferred income taxes expenses": "N/A",
        "The interests of minority shareholders": -14,
        "Total Cost of profits": 9,
        "Profit after tax corporate income": 9077,
        "Volume": 33973629,
        "Close of Quarter": 8,
        "EPS": 319.6,
        "Non-adjusted EPS": 879,
        "PE": 9.1,
        "Book Price": 4.5
      }
    },
    {
      "quarter": "Q1 2014",
      "income status": {
        "Net sales": 51829,
        "Cost of goods sold": 39102,
        "Gross Profit": 12727,
        "Financial expenses": "N/A",
        "Of which: Interest expense": "N/A",
        "Cost of sales": 48,
        "Enterprise cost management": 1916,
        "Total Operating Expenses": 1964,
        "Total revenue financing activities": 1769,
        "Net profit from business activities": 12532,
        "Profit": -7,
        "Profit before tax": 12525,
        "Present corporate income tax expenses": 2756,
        "Deferred income taxes expenses": "N/A",
        "The interests of minority shareholders": 32,
        "Total Cost of profits": 2788,
        "Profit after tax corporate income": 9737,
        "Volume": 33973629,
        "Close of Quarter": 10.2,
        "EPS": 240,
        "Non-adjusted EPS": 660,
        "PE": 15.4,
        "Book Price": 4.4
      }
    },
    {
      "quarter": "Q4 2013",
      "income status": {
        "Net sales": 635,
        "Cost of goods sold": 523,
        "Gross Profit": 112,
        "Financial expenses": 68340,
        "Of which: Interest expense": 1517,
        "Cost of sales": 587,
        "Enterprise cost management": 3000,
        "Total Operating Expenses": 71927,
        "Total revenue financing activities": 83466,
        "Net profit from business activities": 11652,
        "Profit": -11,
        "Profit before tax": 11641,
        "Present corporate income tax expenses": 3015,
        "Deferred income taxes expenses": "N/A",
        "The interests of minority shareholders": 1,
        "Total Cost of profits": 3016,
        "Profit after tax corporate income": 8624,
        "Volume": 33973629,
        "Close of Quarter": 9.2,
        "EPS": 196.4,
        "Non-adjusted EPS": 540,
        "PE": 17,
        "Book Price": 4.2
      }
    },
    {
      "quarter": "Q3 2013",
      "income status": {
        "Net sales": 5676,
        "Cost of goods sold": 4889,
        "Gross Profit": 787,
        "Financial expenses": 15510,
        "Of which: Interest expense": 510,
        "Cost of sales": 327,
        "Enterprise cost management": 517,
        "Total Operating Expenses": 16354,
        "Total revenue financing activities": 18750,
        "Net profit from business activities": 3183,
        "Profit": 136,
        "Profit before tax": 3319,
        "Present corporate income tax expenses": 823,
        "Deferred income taxes expenses": "N/A",
        "The interests of minority shareholders": 74,
        "Total Cost of profits": 897,
        "Profit after tax corporate income": 2422,
        "Volume": 15442559,
        "Close of Quarter": 7.9,
        "EPS": 135.4,
        "Non-adjusted EPS": 819,
        "PE": 9.7,
        "Book Price": 2.2
      }
    },
    {
      "quarter": "Q2 2013",
      "income status": {
        "Net sales": 6659,
        "Cost of goods sold": 1545,
        "Gross Profit": 5115,
        "Financial expenses": 741,
        "Of which: Interest expense": 741,
        "Cost of sales": 138,
        "Enterprise cost management": 1972,
        "Total Operating Expenses": 2851,
        "Total revenue financing activities": "N/A",
        "Net profit from business activities": 2263,
        "Profit": -70,
        "Profit before tax": 2193,
        "Present corporate income tax expenses": 548,
        "Deferred income taxes expenses": "N/A",
        "The interests of minority shareholders": 14,
        "Total Cost of profits": 562,
        "Profit after tax corporate income": 1631,
        "Volume": 15442559,
        "Close of Quarter": 8.4,
        "EPS": 118.7,
        "Non-adjusted EPS": 718,
        "PE": 11.6,
        "Book Price": 2.2
      }
    },
    {
      "quarter": "Q1 2013",
      "income status": {
        "Net sales": 15207,
        "Cost of goods sold": 4416,
        "Gross Profit": 10791,
        "Financial expenses": 1173,
        "Of which: Interest expense": 1173,
        "Cost of sales": 744,
        "Enterprise cost management": 1207,
        "Total Operating Expenses": 3124,
        "Total revenue financing activities": 1,
        "Net profit from business activities": 7668,
        "Profit": "N/A",
        "Profit before tax": 7668,
        "Present corporate income tax expenses": 1917,
        "Deferred income taxes expenses": "N/A",
        "The interests of minority shareholders": 76,
        "Total Cost of profits": 1993,
        "Profit after tax corporate income": 5675,
        "Volume": 15442559,
        "Close of Quarter": 9.3,
        "EPS": 144.6,
        "Non-adjusted EPS": 875,
        "PE": 10.6,
        "Book Price": 2.3
      }
    },
    {
      "quarter": "Q4 2012",
      "income status": {
        "Net sales": -1929,
        "Cost of goods sold": -6252,
        "Gross Profit": 4322,
        "Financial expenses": 1209,
        "Of which: Interest expense": 1209,
        "Cost of sales": -989,
        "Enterprise cost management": 3207,
        "Total Operating Expenses": 3427,
        "Total revenue financing activities": 1005,
        "Net profit from business activities": 1901,
        "Profit": 2529,
        "Profit before tax": 4429,
        "Present corporate income tax expenses": 1175,
        "Deferred income taxes expenses": "N/A",
        "The interests of minority shareholders": 333,
        "Total Cost of profits": 1508,
        "Profit after tax corporate income": 2922,
        "Volume": 15442559,
        "Close of Quarter": 9.4,
        "EPS": 100.7,
        "Non-adjusted EPS": 609,
        "PE": 15.4,
        "Book Price": 2.3
      }
    },
    {
      "quarter": "Q3 2012",
      "income status": {
        "Net sales": 8067,
        "Cost of goods sold": 3771,
        "Gross Profit": 4296,
        "Financial expenses": 12,
        "Of which: Interest expense": 12,
        "Cost of sales": 109,
        "Enterprise cost management": 3030,
        "Total Operating Expenses": 3151,
        "Total revenue financing activities": 50,
        "Net profit from business activities": 1195,
        "Profit": -1,
        "Profit before tax": 1195,
        "Present corporate income tax expenses": 299,
        "Deferred income taxes expenses": "N/A",
        "The interests of minority shareholders": 40,
        "Total Cost of profits": 339,
        "Profit after tax corporate income": 856,
        "Volume": 15442559,
        "Close of Quarter": 9.3,
        "EPS": 57.0,
        "Non-adjusted EPS": 345,
        "PE": 27.1,
        "Book Price": 2.3
      }
    },
    {
      "quarter": "Q2 2012",
      "income status": {
        "Net sales": 21275,
        "Cost of goods sold": 13347,
        "Gross Profit": 7929,
        "Financial expenses": 1268,
        "Of which: Interest expense": 1269,
        "Cost of sales": 1644,
        "Enterprise cost management": 1340,
        "Total Operating Expenses": 4252,
        "Total revenue financing activities": 94,
        "Net profit from business activities": 3771,
        "Profit": -47,
        "Profit before tax": 3724,
        "Present corporate income tax expenses": 808,
        "Deferred income taxes expenses": "N/A",
        "The interests of minority shareholders": -1145,
        "Total Cost of profits": -337,
        "Profit after tax corporate income": 4061,
        "Volume": 15442559,
        "Close of Quarter": 11.2,
        "EPS": 57.0,
        "Non-adjusted EPS": 345,
        "PE": 32.4,
        "Book Price": 2.3
      }
    },
    {
      "quarter": "Q1 2012",
      "income status": {
        "Net sales": 7568,
        "Cost of goods sold": 2199,
        "Gross Profit": 5370,
        "Financial expenses": "N/A",
        "Of which: Interest expense": "N/A",
        "Cost of sales": 194,
        "Enterprise cost management": 539,
        "Total Operating Expenses": 733,
        "Total revenue financing activities": 64,
        "Net profit from business activities": 4700,
        "Profit": 91,
        "Profit before tax": 4791,
        "Present corporate income tax expenses": 1321,
        "Deferred income taxes expenses": "N/A",
        "The interests of minority shareholders": 1902,
        "Total Cost of profits": 3223,
        "Profit after tax corporate income": 1568,
        "Volume": 15442559,
        "Close of Quarter": 10.1,
        "EPS": 40,
        "Non-adjusted EPS": 242,
        "PE": 41.7,
        "Book Price": 2.2
      }
    },
    {
      "quarter": "Q4 2011",
      "income status": {
        "Net sales": 3485,
        "Cost of goods sold": 1401,
        "Gross Profit": 2084,
        "Financial expenses": "N/A",
        "Of which: Interest expense": "N/A",
        "Cost of sales": 43,
        "Enterprise cost management": 1772,
        "Total Operating Expenses": 1815,
        "Total revenue financing activities": "N/A",
        "Net profit from business activities": 269,
        "Profit": -2499,
        "Profit before tax": 11446,
        "Present corporate income tax expenses": -909,
        "Deferred income taxes expenses": "N/A",
        "The interests of minority shareholders": -166,
        "Total Cost of profits": -1075,
        "Profit after tax corporate income": -1155,
        "Volume": 15442559,
        "Close of Quarter": 3.3,
        "EPS": 102.6,
        "Non-adjusted EPS": 621,
        "PE": 5.4,
        "Book Price": 2.1
      }
    },
    {
      "quarter": "Q3 2011",
      "income status": {
        "Net sales": 8067,
        "Cost of goods sold": 3771,
        "Gross Profit": 4296,
        "Financial expenses": 12,
        "Of which: Interest expense": 12,
        "Cost of sales": 109,
        "Enterprise cost management": 3030,
        "Total Operating Expenses": 3151,
        "Total revenue financing activities": 50,
        "Net profit from business activities": 1195,
        "Profit": -1,
        "Profit before tax": 13676,
        "Present corporate income tax expenses": 299,
        "Deferred income taxes expenses": "N/A",
        "The interests of minority shareholders": 40,
        "Total Cost of profits": 339,
        "Profit after tax corporate income": 856,
        "Volume": 12868800,
        "Close of Quarter": 10.6,
        "EPS": 250.4,
        "Non-adjusted EPS": 1818,
        "PE": 5.8,
        "Book Price": 2.1
      }
    },
    {
      "quarter": "Q2 2011",
      "income status": {
        "Net sales": 18173,
        "Cost of goods sold": 11244,
        "Gross Profit": 6928,
        "Financial expenses": 1125,
        "Of which: Interest expense": 1125,
        "Cost of sales": 1079,
        "Enterprise cost management": 2507,
        "Total Operating Expenses": 4711,
        "Total revenue financing activities": 1064,
        "Net profit from business activities": 3282,
        "Profit": 1,
        "Profit before tax": 3283,
        "Present corporate income tax expenses": 821,
        "Deferred income taxes expenses": "N/A",
        "The interests of minority shareholders": "N/A",
        "Total Cost of profits": 821,
        "Profit after tax corporate income": 2462,
        "Volume": 12868800,
        "Close of Quarter": 9.9,
        "EPS": 464.2,
        "Non-adjusted EPS": 3370,
        "PE": 3.0,
        "Book Price": 2.2
      }
    },
    {
      "quarter": "Q1 2011",
      "income status": {
        "Net sales": 45934,
        "Cost of goods sold": 31844,
        "Gross Profit": 14090,
        "Financial expenses": 311,
        "Of which: Interest expense": 311,
        "Cost of sales": 1094,
        "Enterprise cost management": 2332,
        "Total Operating Expenses": 3737,
        "Total revenue financing activities": 54,
        "Net profit from business activities": 10408,
        "Profit": -9,
        "Profit before tax": 10398,
        "Present corporate income tax expenses": 2639,
        "Deferred income taxes expenses": "N/A",
        "The interests of minority shareholders": 333,
        "Total Cost of profits": 2972,
        "Profit after tax corporate income": 7426,
        "Volume": 12868800,
        "Close of Quarter": 18.6,
        "EPS": 644.1,
        "Non-adjusted EPS": 4676,
        "PE": 4.0,
        "Book Price": 2.2
      }
    },
    {
      "quarter": "Q4 2010",
      "income status": {
        "Net sales": 11613,
        "Cost of goods sold": 3700,
        "Gross Profit": 7913,
        "Financial expenses": 79,
        "Of which: Interest expense": "N/A",
        "Cost of sales": 538,
        "Enterprise cost management": 1496,
        "Total Operating Expenses": 2113,
        "Total revenue financing activities": 215,
        "Net profit from business activities": 6016,
        "Profit": 11866,
        "Profit before tax": 17882,
        "Present corporate income tax expenses": 4470,
        "Deferred income taxes expenses": "N/A",
        "The interests of minority shareholders": 754,
        "Total Cost of profits": 5224,
        "Profit after tax corporate income": 12657,
        "Volume": 12868800,
        "Close of Quarter": 31.3,
        "EPS": 651.1,
        "Non-adjusted EPS": 4727,
        "PE": 6.6,
        "Book Price": 2.1
      }
    },
    {
      "quarter": "Q3 2010",
      "income status": {
        "Net sales": 66612,
        "Cost of goods sold": 30272,
        "Gross Profit": 36341,
        "Financial expenses": 13,
        "Of which: Interest expense": 13,
        "Cost of sales": 10,
        "Enterprise cost management": 4198,
        "Total Operating Expenses": 4221,
        "Total revenue financing activities": 66,
        "Net profit from business activities": 32185,
        "Profit": -24,
        "Profit before tax": 32161,
        "Present corporate income tax expenses": 8050,
        "Deferred income taxes expenses": "N/A",
        "The interests of minority shareholders": 3282,
        "Total Cost of profits": 11332,
        "Profit after tax corporate income": 20829,
        "Volume": 12868800,
        "Close of Quarter": 38.6,
        "EPS": 515.7,
        "Non-adjusted EPS": 3744,
        "PE": 10.3,
        "Book Price": 1.9
      }
    },
    {
      "quarter": "Q2 2010",
      "income status": {
        "Net sales": 53045,
        "Cost of goods sold": 20966,
        "Gross Profit": 32079,
        "Financial expenses": 2,
        "Of which: Interest expense": -34,
        "Cost of sales": 607,
        "Enterprise cost management": 5781,
        "Total Operating Expenses": 6390,
        "Total revenue financing activities": 97,
        "Net profit from business activities": 25785,
        "Profit": -82,
        "Profit before tax": 25703,
        "Present corporate income tax expenses": 6415,
        "Deferred income taxes expenses": "N/A",
        "The interests of minority shareholders": 26,
        "Total Cost of profits": 6441,
        "Profit after tax corporate income": 19262,
        "Volume": 12868800,
        "Close of Quarter": "N/A",
        "EPS": 292.7,
        "Non-adjusted EPS": 2125,
        "PE": "N/A",
        "Book Price": 1.7
      }
    },
    {
      "quarter": "Q1 2010",
      "income status": {
        "Net sales": 17125,
        "Cost of goods sold": 4558,
        "Gross Profit": 12568,
        "Financial expenses": 34,
        "Of which: Interest expense": 34,
        "Cost of sales": 408,
        "Enterprise cost management": 1426,
        "Total Operating Expenses": 1868,
        "Total revenue financing activities": 261,
        "Net profit from business activities": 10960,
        "Profit": -9,
        "Profit before tax": 10951,
        "Present corporate income tax expenses": 2810,
        "Deferred income taxes expenses": "N/A",
        "The interests of minority shareholders": 57,
        "Total Cost of profits": 2867,
        "Profit after tax corporate income": 8085,
        "Volume": 12868800,
        "Close of Quarter": "N/A",
        "EPS": 86.5,
        "Non-adjusted EPS": 628,
        "PE": "N/A",
        "Book Price": 1.5
      }
    }
  ]
}