{
  "ticker": "SHI",
  "data": [
    {
      "quarter": "Q1 2017",
      "income status": {
        "Net sales": 684687,
        "Cost of goods sold": 554888,
        "Gross Profit": 129799,
        "Financial expenses": 17117,
        "Of which: Interest expense": 16120,
        "Cost of sales": 60357,
        "Enterprise cost management": 17698,
        "Total Operating Expenses": 95172,
        "Total revenue financing activities": 3387,
        "Net profit from business activities": 40040,
        "Profit": -1853,
        "Profit before tax": 38188,
        "Present corporate income tax expenses": 5403,
        "Deferred income taxes expenses": 587,
        "The interests of minority shareholders": 1971,
        "Total Cost of profits": 7961,
        "Profit after tax corporate income": 30226,
        "Volume": 60473443,
        "Close of Quarter": 8.4,
        "EPS": 2027,
        "Non-adjusted EPS": 2027,
        "PE": 4.1,
        "Book Price": 14.5
      }
    },
    {
      "quarter": "Q4 2016",
      "income status": {
        "Net sales": 647968,
        "Cost of goods sold": 505189,
        "Gross Profit": 142780,
        "Financial expenses": 23142,
        "Of which: Interest expense": 18252,
        "Cost of sales": 55503,
        "Enterprise cost management": 21180,
        "Total Operating Expenses": 99825,
        "Total revenue financing activities": 5633,
        "Net profit from business activities": 51421,
        "Profit": 701,
        "Profit before tax": 52122,
        "Present corporate income tax expenses": 9213,
        "Deferred income taxes expenses": "N/A",
        "The interests of minority shareholders": 948,
        "Total Cost of profits": 10161,
        "Profit after tax corporate income": 41961,
        "Volume": 60473443,
        "Close of Quarter": 8.1,
        "EPS": 1855,
        "Non-adjusted EPS": 1855,
        "PE": 4.4,
        "Book Price": 14.1
      }
    },
    {
      "quarter": "Q3 2016",
      "income status": {
        "Net sales": 644679,
        "Cost of goods sold": 522673,
        "Gross Profit": 122006,
        "Financial expenses": 13780,
        "Of which: Interest expense": 13436,
        "Cost of sales": 51362,
        "Enterprise cost management": 56647,
        "Total Operating Expenses": 121789,
        "Total revenue financing activities": 23237,
        "Net profit from business activities": 26224,
        "Profit": 1289,
        "Profit before tax": 27513,
        "Present corporate income tax expenses": 8622,
        "Deferred income taxes expenses": "N/A",
        "The interests of minority shareholders": -896,
        "Total Cost of profits": 7726,
        "Profit after tax corporate income": 19787,
        "Volume": 60473443,
        "Close of Quarter": 7.3,
        "EPS": 1365,
        "Non-adjusted EPS": 1365,
        "PE": 5.4,
        "Book Price": 13.7
      }
    },
    {
      "quarter": "Q2 2016",
      "income status": {
        "Net sales": 565562,
        "Cost of goods sold": 459114,
        "Gross Profit": 106448,
        "Financial expenses": 13458,
        "Of which: Interest expense": 13112,
        "Cost of sales": 38992,
        "Enterprise cost management": 14947,
        "Total Operating Expenses": 67397,
        "Total revenue financing activities": 3387,
        "Net profit from business activities": 46392,
        "Profit": -18363,
        "Profit before tax": 28030,
        "Present corporate income tax expenses": 4216,
        "Deferred income taxes expenses": -116,
        "The interests of minority shareholders": -6682,
        "Total Cost of profits": -2582,
        "Profit after tax corporate income": 30612,
        "Volume": 53994663,
        "Close of Quarter": 8.2,
        "EPS": 1380.4,
        "Non-adjusted EPS": 1546,
        "PE": 5.3,
        "Book Price": 12.2
      }
    },
    {
      "quarter": "Q1 2016",
      "income status": {
        "Net sales": 466383,
        "Cost of goods sold": 378978,
        "Gross Profit": 87405,
        "Financial expenses": 19548,
        "Of which: Interest expense": 16499,
        "Cost of sales": 32690,
        "Enterprise cost management": 11157,
        "Total Operating Expenses": 63395,
        "Total revenue financing activities": 734,
        "Net profit from business activities": 27106,
        "Profit": -3728,
        "Profit before tax": 23377,
        "Present corporate income tax expenses": 5845,
        "Deferred income taxes expenses": "N/A",
        "The interests of minority shareholders": -2285,
        "Total Cost of profits": 3560,
        "Profit after tax corporate income": 19818,
        "Volume": 53994663,
        "Close of Quarter": 9.0,
        "EPS": 1342.0,
        "Non-adjusted EPS": 1503,
        "PE": 6.0,
        "Book Price": 11.6
      }
    },
    {
      "quarter": "Q4 2015",
      "income status": {
        "Net sales": 641176,
        "Cost of goods sold": 551803,
        "Gross Profit": 89374,
        "Financial expenses": 23224,
        "Of which: Interest expense": 16125,
        "Cost of sales": 33975,
        "Enterprise cost management": 18766,
        "Total Operating Expenses": 75965,
        "Total revenue financing activities": 3710,
        "Net profit from business activities": 17622,
        "Profit": -4586,
        "Profit before tax": 13036,
        "Present corporate income tax expenses": 3759,
        "Deferred income taxes expenses": "N/A",
        "The interests of minority shareholders": -3069,
        "Total Cost of profits": 690,
        "Profit after tax corporate income": 12346,
        "Volume": 53994663,
        "Close of Quarter": 10.1,
        "EPS": 1331.3,
        "Non-adjusted EPS": 1491,
        "PE": 6.8,
        "Book Price": 11.3
      }
    },
    {
      "quarter": "Q3 2015",
      "income status": {
        "Net sales": 564029,
        "Cost of goods sold": 474438,
        "Gross Profit": 89591,
        "Financial expenses": 26124,
        "Of which: Interest expense": 21086,
        "Cost of sales": 30187,
        "Enterprise cost management": 10938,
        "Total Operating Expenses": 67249,
        "Total revenue financing activities": 1250,
        "Net profit from business activities": 25694,
        "Profit": 105,
        "Profit before tax": 25798,
        "Present corporate income tax expenses": 5793,
        "Deferred income taxes expenses": "N/A",
        "The interests of minority shareholders": -698,
        "Total Cost of profits": 5095,
        "Profit after tax corporate income": 20704,
        "Volume": 35994663,
        "Close of Quarter": 11.2,
        "EPS": 1285.7,
        "Non-adjusted EPS": 2160,
        "PE": 5.2,
        "Book Price": 8.3
      }
    },
    {
      "quarter": "Q2 2015",
      "income status": {
        "Net sales": 575914,
        "Cost of goods sold": 480610,
        "Gross Profit": 95303,
        "Financial expenses": 25530,
        "Of which: Interest expense": 20112,
        "Cost of sales": 36430,
        "Enterprise cost management": 5843,
        "Total Operating Expenses": 67803,
        "Total revenue financing activities": 1189,
        "Net profit from business activities": 31763,
        "Profit": 2021,
        "Profit before tax": 33784,
        "Present corporate income tax expenses": 7613,
        "Deferred income taxes expenses": "N/A",
        "The interests of minority shareholders": -2107,
        "Total Cost of profits": 5506,
        "Profit after tax corporate income": 28278,
        "Volume": 35994663,
        "Close of Quarter": 9.7,
        "EPS": 1193.4,
        "Non-adjusted EPS": 2005,
        "PE": 4.9,
        "Book Price": 8.1
      }
    },
    {
      "quarter": "Q1 2015",
      "income status": {
        "Net sales": 434285,
        "Cost of goods sold": 363095,
        "Gross Profit": 71190,
        "Financial expenses": 13590,
        "Of which: Interest expense": 12453,
        "Cost of sales": 25128,
        "Enterprise cost management": 8247,
        "Total Operating Expenses": 46965,
        "Total revenue financing activities": 465,
        "Net profit from business activities": 25631,
        "Profit": -1455,
        "Profit before tax": 24176,
        "Present corporate income tax expenses": 5673,
        "Deferred income taxes expenses": "N/A",
        "The interests of minority shareholders": -666,
        "Total Cost of profits": 5007,
        "Profit after tax corporate income": 19170,
        "Volume": 35994663,
        "Close of Quarter": 6.6,
        "EPS": 885.1,
        "Non-adjusted EPS": 1487,
        "PE": 4.4,
        "Book Price": 7.7
      }
    },
    {
      "quarter": "Q4 2014",
      "income status": {
        "Net sales": 587789,
        "Cost of goods sold": 492085,
        "Gross Profit": 95703,
        "Financial expenses": 20849,
        "Of which: Interest expense": 15963,
        "Cost of sales": 49605,
        "Enterprise cost management": 15403,
        "Total Operating Expenses": 85857,
        "Total revenue financing activities": 1389,
        "Net profit from business activities": 11236,
        "Profit": -273,
        "Profit before tax": 10963,
        "Present corporate income tax expenses": 2313,
        "Deferred income taxes expenses": "N/A",
        "The interests of minority shareholders": -958,
        "Total Cost of profits": 1355,
        "Profit after tax corporate income": 9608,
        "Volume": 32994663,
        "Close of Quarter": 6.1,
        "EPS": 592.5,
        "Non-adjusted EPS": 1086,
        "PE": 5.7,
        "Book Price": 7.3
      }
    },
    {
      "quarter": "Q3 2014",
      "income status": {
        "Net sales": 482572,
        "Cost of goods sold": 401756,
        "Gross Profit": 80816,
        "Financial expenses": 18937,
        "Of which: Interest expense": 18333,
        "Cost of sales": 32816,
        "Enterprise cost management": 11291,
        "Total Operating Expenses": 63044,
        "Total revenue financing activities": 837,
        "Net profit from business activities": 19510,
        "Profit": -201,
        "Profit before tax": 19309,
        "Present corporate income tax expenses": 5393,
        "Deferred income taxes expenses": "N/A",
        "The interests of minority shareholders": -1215,
        "Total Cost of profits": 4178,
        "Profit after tax corporate income": 15131,
        "Volume": 25994663,
        "Close of Quarter": 6.1,
        "EPS": 564.4,
        "Non-adjusted EPS": 1313,
        "PE": 4.7,
        "Book Price": 7.2
      }
    },
    {
      "quarter": "Q2 2014",
      "income status": {
        "Net sales": 548546,
        "Cost of goods sold": 486048,
        "Gross Profit": 62498,
        "Financial expenses": 22259,
        "Of which: Interest expense": 19830,
        "Cost of sales": 22396,
        "Enterprise cost management": 12896,
        "Total Operating Expenses": 57551,
        "Total revenue financing activities": 793,
        "Net profit from business activities": 6673,
        "Profit": 5144,
        "Profit before tax": 11817,
        "Present corporate income tax expenses": 2937,
        "Deferred income taxes expenses": "N/A",
        "The interests of minority shareholders": -729,
        "Total Cost of profits": 2208,
        "Profit after tax corporate income": 9608,
        "Volume": 25994663,
        "Close of Quarter": 4.2,
        "EPS": 269.1,
        "Non-adjusted EPS": 626,
        "PE": 6.7,
        "Book Price": 6.4
      }
    },
    {
      "quarter": "Q1 2014",
      "income status": {
        "Net sales": 375129,
        "Cost of goods sold": 321562,
        "Gross Profit": 53567,
        "Financial expenses": 15627,
        "Of which: Interest expense": 15358,
        "Cost of sales": 29242,
        "Enterprise cost management": 8036,
        "Total Operating Expenses": 52905,
        "Total revenue financing activities": 1096,
        "Net profit from business activities": 2326,
        "Profit": -76,
        "Profit before tax": 2249,
        "Present corporate income tax expenses": 838,
        "Deferred income taxes expenses": "N/A",
        "The interests of minority shareholders": -65,
        "Total Cost of profits": 773,
        "Profit after tax corporate income": 1477,
        "Volume": 25994663,
        "Close of Quarter": 4.9,
        "EPS": 107.0,
        "Non-adjusted EPS": 249,
        "PE": 19.7,
        "Book Price": 6.2
      }
    },
    {
      "quarter": "Q4 2013",
      "income status": {
        "Net sales": 476360,
        "Cost of goods sold": 397425,
        "Gross Profit": 78936,
        "Financial expenses": 29243,
        "Of which: Interest expense": 19152,
        "Cost of sales": 28671,
        "Enterprise cost management": 14445,
        "Total Operating Expenses": 72359,
        "Total revenue financing activities": 2452,
        "Net profit from business activities": 9028,
        "Profit": -1048,
        "Profit before tax": 8197,
        "Present corporate income tax expenses": 250,
        "Deferred income taxes expenses": "N/A",
        "The interests of minority shareholders": 29,
        "Total Cost of profits": 279,
        "Profit after tax corporate income": 7918,
        "Volume": 25994663,
        "Close of Quarter": 3.5,
        "EPS": 100.6,
        "Non-adjusted EPS": 234,
        "PE": 15.1,
        "Book Price": 6.1
      }
    },
    {
      "quarter": "Q3 2013",
      "income status": {
        "Net sales": 413856,
        "Cost of goods sold": 358062,
        "Gross Profit": 55793,
        "Financial expenses": 21069,
        "Of which: Interest expense": 18679,
        "Cost of sales": 26120,
        "Enterprise cost management": 12928,
        "Total Operating Expenses": 60117,
        "Total revenue financing activities": 3337,
        "Net profit from business activities": -986,
        "Profit": -107,
        "Profit before tax": -1016,
        "Present corporate income tax expenses": 515,
        "Deferred income taxes expenses": 9,
        "The interests of minority shareholders": 1202,
        "Total Cost of profits": 1726,
        "Profit after tax corporate income": -2742,
        "Volume": 25994663,
        "Close of Quarter": 3.0,
        "EPS": 27.1,
        "Non-adjusted EPS": 63,
        "PE": 47.1,
        "Book Price": 6.1
      }
    },
    {
      "quarter": "Q2 2013",
      "income status": {
        "Net sales": 425094,
        "Cost of goods sold": 366698,
        "Gross Profit": 58397,
        "Financial expenses": 28483,
        "Of which: Interest expense": 24490,
        "Cost of sales": 18962,
        "Enterprise cost management": 12834,
        "Total Operating Expenses": 60279,
        "Total revenue financing activities": 5338,
        "Net profit from business activities": 3456,
        "Profit": -1948,
        "Profit before tax": 1605,
        "Present corporate income tax expenses": 716,
        "Deferred income taxes expenses": 9,
        "The interests of minority shareholders": 1068,
        "Total Cost of profits": 1793,
        "Profit after tax corporate income": -189,
        "Volume": 25994663,
        "Close of Quarter": 3.8,
        "EPS": -184.8,
        "Non-adjusted EPS": -430,
        "PE": -8.7,
        "Book Price": 6.2
      }
    },
    {
      "quarter": "Q1 2013",
      "income status": {
        "Net sales": 491777,
        "Cost of goods sold": 427193,
        "Gross Profit": 64585,
        "Financial expenses": 23741,
        "Of which: Interest expense": 22359,
        "Cost of sales": 26603,
        "Enterprise cost management": 16150,
        "Total Operating Expenses": 66494,
        "Total revenue financing activities": 3720,
        "Net profit from business activities": 1812,
        "Profit": 1736,
        "Profit before tax": 3441,
        "Present corporate income tax expenses": 1502,
        "Deferred income taxes expenses": 9,
        "The interests of minority shareholders": 831,
        "Total Cost of profits": 2342,
        "Profit after tax corporate income": 1099,
        "Volume": 25994663,
        "Close of Quarter": 2.9,
        "EPS": -131.1,
        "Non-adjusted EPS": -305,
        "PE": -9.5,
        "Book Price": 6.2
      }
    },
    {
      "quarter": "Q4 2012",
      "income status": {
        "Net sales": 650953,
        "Cost of goods sold": 572582,
        "Gross Profit": 78370,
        "Financial expenses": 25038,
        "Of which: Interest expense": 25159,
        "Cost of sales": 25006,
        "Enterprise cost management": 24698,
        "Total Operating Expenses": 74742,
        "Total revenue financing activities": 3657,
        "Net profit from business activities": 7285,
        "Profit": 438,
        "Profit before tax": 7576,
        "Present corporate income tax expenses": 2907,
        "Deferred income taxes expenses": 10,
        "The interests of minority shareholders": 1197,
        "Total Cost of profits": 4114,
        "Profit after tax corporate income": 3462,
        "Volume": 25994663,
        "Close of Quarter": 4.2,
        "EPS": -193.4,
        "Non-adjusted EPS": -450,
        "PE": -9.4,
        "Book Price": 6.1
      }
    },
    {
      "quarter": "Q3 2012",
      "income status": {
        "Net sales": 546879,
        "Cost of goods sold": 473378,
        "Gross Profit": 73501,
        "Financial expenses": 31620,
        "Of which: Interest expense": 27049,
        "Cost of sales": 28419,
        "Enterprise cost management": 32658,
        "Total Operating Expenses": 92697,
        "Total revenue financing activities": 786,
        "Net profit from business activities": -18410,
        "Profit": -933,
        "Profit before tax": -19332,
        "Present corporate income tax expenses": 1121,
        "Deferred income taxes expenses": 7,
        "The interests of minority shareholders": -4910,
        "Total Cost of profits": -3782,
        "Profit after tax corporate income": -15550,
        "Volume": 25994663,
        "Close of Quarter": 3.5,
        "EPS": -401.9,
        "Non-adjusted EPS": -935,
        "PE": -3.7,
        "Book Price": 5.9
      }
    },
    {
      "quarter": "Q2 2012",
      "income status": {
        "Net sales": 522866,
        "Cost of goods sold": 455518,
        "Gross Profit": 67348,
        "Financial expenses": 36530,
        "Of which: Interest expense": 36056,
        "Cost of sales": 19062,
        "Enterprise cost management": 11097,
        "Total Operating Expenses": 66689,
        "Total revenue financing activities": 1044,
        "Net profit from business activities": 1703,
        "Profit": 2295,
        "Profit before tax": 3742,
        "Present corporate income tax expenses": -19,
        "Deferred income taxes expenses": 253,
        "The interests of minority shareholders": 445,
        "Total Cost of profits": 679,
        "Profit after tax corporate income": 3063,
        "Volume": 25994663,
        "Close of Quarter": 3.5,
        "EPS": -113.1,
        "Non-adjusted EPS": -263,
        "PE": -13.3,
        "Book Price": 6.2
      }
    },
    {
      "quarter": "Q1 2012",
      "income status": {
        "Net sales": 481461,
        "Cost of goods sold": 433951,
        "Gross Profit": 47511,
        "Financial expenses": 26217,
        "Of which: Interest expense": 28064,
        "Cost of sales": 13583,
        "Enterprise cost management": 10568,
        "Total Operating Expenses": 50368,
        "Total revenue financing activities": 3193,
        "Net profit from business activities": 336,
        "Profit": -2118,
        "Profit before tax": -2040,
        "Present corporate income tax expenses": 1194,
        "Deferred income taxes expenses": "N/A",
        "The interests of minority shareholders": -558,
        "Total Cost of profits": 636,
        "Profit after tax corporate income": -2676,
        "Volume": 25994663,
        "Close of Quarter": 4.4,
        "EPS": -25.8,
        "Non-adjusted EPS": -60,
        "PE": -73.2,
        "Book Price": 6.1
      }
    },
    {
      "quarter": "Q4 2011",
      "income status": {
        "Net sales": 601734,
        "Cost of goods sold": 529190,
        "Gross Profit": 72544,
        "Financial expenses": 53755,
        "Of which: Interest expense": 44099,
        "Cost of sales": 17353,
        "Enterprise cost management": 15377,
        "Total Operating Expenses": 86485,
        "Total revenue financing activities": 5046,
        "Net profit from business activities": -8894,
        "Profit": 127,
        "Profit before tax": 26987,
        "Present corporate income tax expenses": 245,
        "Deferred income taxes expenses": 235,
        "The interests of minority shareholders": -22,
        "Total Cost of profits": 458,
        "Profit after tax corporate income": -9151,
        "Volume": 26151493,
        "Close of Quarter": 2.9,
        "EPS": 220.6,
        "Non-adjusted EPS": 510,
        "PE": 5.8,
        "Book Price": 6.1
      }
    },
    {
      "quarter": "Q3 2011",
      "income status": {
        "Net sales": 513806,
        "Cost of goods sold": 461870,
        "Gross Profit": 51937,
        "Financial expenses": 33108,
        "Of which: Interest expense": 27573,
        "Cost of sales": 11035,
        "Enterprise cost management": 8579,
        "Total Operating Expenses": 52722,
        "Total revenue financing activities": 3397,
        "Net profit from business activities": 2611,
        "Profit": 61,
        "Profit before tax": 35679,
        "Present corporate income tax expenses": 621,
        "Deferred income taxes expenses": -23,
        "The interests of minority shareholders": 162,
        "Total Cost of profits": 760,
        "Profit after tax corporate income": 1918,
        "Volume": 24440770,
        "Close of Quarter": 5.7,
        "EPS": 802.3,
        "Non-adjusted EPS": 1985,
        "PE": 2.9,
        "Book Price": 6.2
      }
    },
    {
      "quarter": "Q2 2011",
      "income status": {
        "Net sales": 501349,
        "Cost of goods sold": 426506,
        "Gross Profit": 74843,
        "Financial expenses": 40150,
        "Of which: Interest expense": 25425,
        "Cost of sales": 17655,
        "Enterprise cost management": 7965,
        "Total Operating Expenses": 65770,
        "Total revenue financing activities": 3409,
        "Net profit from business activities": 12482,
        "Profit": 300,
        "Profit before tax": 12869,
        "Present corporate income tax expenses": 3066,
        "Deferred income taxes expenses": 21,
        "The interests of minority shareholders": 1421,
        "Total Cost of profits": 4508,
        "Profit after tax corporate income": 8361,
        "Volume": 24440770,
        "Close of Quarter": 6.1,
        "EPS": 987.8,
        "Non-adjusted EPS": 2444,
        "PE": 2.5,
        "Book Price": 6.6
      }
    },
    {
      "quarter": "Q1 2011",
      "income status": {
        "Net sales": 339230,
        "Cost of goods sold": 275217,
        "Gross Profit": 64013,
        "Financial expenses": 29511,
        "Of which: Interest expense": 17101,
        "Cost of sales": 12681,
        "Enterprise cost management": 10208,
        "Total Operating Expenses": 52400,
        "Total revenue financing activities": 7496,
        "Net profit from business activities": 19109,
        "Profit": 719,
        "Profit before tax": 19912,
        "Present corporate income tax expenses": 4972,
        "Deferred income taxes expenses": "N/A",
        "The interests of minority shareholders": 2727,
        "Total Cost of profits": 7699,
        "Profit after tax corporate income": 12213,
        "Volume": 24440770,
        "Close of Quarter": 9.8,
        "EPS": 1101.3,
        "Non-adjusted EPS": 2725,
        "PE": 3.6,
        "Book Price": 6.5
      }
    },
    {
      "quarter": "Q4 2010",
      "income status": {
        "Net sales": 517654,
        "Cost of goods sold": 447407,
        "Gross Profit": 70247,
        "Financial expenses": 22269,
        "Of which: Interest expense": 16952,
        "Cost of sales": 23363,
        "Enterprise cost management": 7565,
        "Total Operating Expenses": 53197,
        "Total revenue financing activities": 9394,
        "Net profit from business activities": 26444,
        "Profit": 26845,
        "Profit before tax": 53289,
        "Present corporate income tax expenses": 14052,
        "Deferred income taxes expenses": "N/A",
        "The interests of minority shareholders": 13213,
        "Total Cost of profits": 27265,
        "Profit after tax corporate income": 26024,
        "Volume": 25000000,
        "Close of Quarter": 9.9,
        "EPS": 1311.7,
        "Non-adjusted EPS": 3173,
        "PE": 3.1,
        "Book Price": 6.6
      }
    },
    {
      "quarter": "Q3 2010",
      "income status": {
        "Net sales": 321507,
        "Cost of goods sold": 253056,
        "Gross Profit": 68451,
        "Financial expenses": 29370,
        "Of which: Interest expense": 19309,
        "Cost of sales": 21953,
        "Enterprise cost management": 7610,
        "Total Operating Expenses": 58933,
        "Total revenue financing activities": 4631,
        "Net profit from business activities": 14149,
        "Profit": 3357,
        "Profit before tax": 17506,
        "Present corporate income tax expenses": 4376,
        "Deferred income taxes expenses": "N/A",
        "The interests of minority shareholders": "N/A",
        "Total Cost of profits": 4376,
        "Profit after tax corporate income": 13129,
        "Volume": 25000000,
        "Close of Quarter": 14.6,
        "EPS": 1051.3,
        "Non-adjusted EPS": 2543,
        "PE": 5.8,
        "Book Price": 6.2
      }
    },
    {
      "quarter": "Q2 2010",
      "income status": {
        "Net sales": 354834,
        "Cost of goods sold": 295658,
        "Gross Profit": 59177,
        "Financial expenses": 24532,
        "Of which: Interest expense": 16013,
        "Cost of sales": 15230,
        "Enterprise cost management": 5389,
        "Total Operating Expenses": 45151,
        "Total revenue financing activities": 5040,
        "Net profit from business activities": 19065,
        "Profit": 1227,
        "Profit before tax": 20292,
        "Present corporate income tax expenses": 5069,
        "Deferred income taxes expenses": "N/A",
        "The interests of minority shareholders": "N/A",
        "Total Cost of profits": 5069,
        "Profit after tax corporate income": 15223,
        "Volume": 15000000,
        "Close of Quarter": 18.1,
        "EPS": 1071.5,
        "Non-adjusted EPS": 4320,
        "PE": 4.2,
        "Book Price": 4.0
      }
    },
    {
      "quarter": "Q1 2010",
      "income status": {
        "Net sales": 268428,
        "Cost of goods sold": 213110,
        "Gross Profit": 55318,
        "Financial expenses": 18652,
        "Of which: Interest expense": 12369,
        "Cost of sales": 9752,
        "Enterprise cost management": 6078,
        "Total Operating Expenses": 34482,
        "Total revenue financing activities": 761,
        "Net profit from business activities": 21597,
        "Profit": 11695,
        "Profit before tax": 33292,
        "Present corporate income tax expenses": 8340,
        "Deferred income taxes expenses": "N/A",
        "The interests of minority shareholders": "N/A",
        "Total Cost of profits": 8340,
        "Profit after tax corporate income": 24952,
        "Volume": 15000000,
        "Close of Quarter": 15.2,
        "EPS": 886.8,
        "Non-adjusted EPS": 3575,
        "PE": 4.2,
        "Book Price": 3.8
      }
    },
    {
      "quarter": "Q4 2009",
      "income status": {
        "Net sales": 434273,
        "Cost of goods sold": 389157,
        "Gross Profit": 45115,
        "Financial expenses": 15693,
        "Of which: Interest expense": 8623,
        "Cost of sales": 10679,
        "Enterprise cost management": 8140,
        "Total Operating Expenses": 34512,
        "Total revenue financing activities": 4493,
        "Net profit from business activities": 15096,
        "Profit": -541,
        "Profit before tax": 14556,
        "Present corporate income tax expenses": 4285,
        "Deferred income taxes expenses": "N/A",
        "The interests of minority shareholders": "N/A",
        "Total Cost of profits": 4285,
        "Profit after tax corporate income": 10271,
        "Volume": 15000000,
        "Close of Quarter": 13,
        "EPS": 582.7,
        "Non-adjusted EPS": 2349,
        "PE": 5.5,
        "Book Price": 3.4
      }
    },
    {
      "quarter": "Q3 2009",
      "income status": {
        "Net sales": 301516,
        "Cost of goods sold": 247517,
        "Gross Profit": 53999,
        "Financial expenses": 18809,
        "Of which: Interest expense": 7856,
        "Cost of sales": 7677,
        "Enterprise cost management": 7861,
        "Total Operating Expenses": 34347,
        "Total revenue financing activities": 709,
        "Net profit from business activities": 20361,
        "Profit": -60,
        "Profit before tax": 20301,
        "Present corporate income tax expenses": 5075,
        "Deferred income taxes expenses": 873,
        "The interests of minority shareholders": "N/A",
        "Total Cost of profits": 5948,
        "Profit after tax corporate income": 14353,
        "Volume": 15000000,
        "Close of Quarter": "N/A",
        "EPS": 412.7,
        "Non-adjusted EPS": 1664,
        "PE": "N/A",
        "Book Price": 2.6
      }
    },
    {
      "quarter": "Q2 2009",
      "income status": {
        "Net sales": 178820,
        "Cost of goods sold": 144785,
        "Gross Profit": 34035,
        "Financial expenses": 17737,
        "Of which: Interest expense": 7953,
        "Cost of sales": 6230,
        "Enterprise cost management": 5301,
        "Total Operating Expenses": 29268,
        "Total revenue financing activities": 347,
        "Net profit from business activities": 5114,
        "Profit": 292,
        "Profit before tax": 5406,
        "Present corporate income tax expenses": 1352,
        "Deferred income taxes expenses": "N/A",
        "The interests of minority shareholders": "N/A",
        "Total Cost of profits": 1352,
        "Profit after tax corporate income": 4055,
        "Volume": 15000000,
        "Close of Quarter": "N/A",
        "EPS": 175.4,
        "Non-adjusted EPS": 707,
        "PE": "N/A",
        "Book Price": "N/A"
      }
    },
    {
      "quarter": "Q1 2009",
      "income status": {
        "Net sales": 199434,
        "Cost of goods sold": 169136,
        "Gross Profit": 30298,
        "Financial expenses": 14834,
        "Of which: Interest expense": 9487,
        "Cost of sales": 4327,
        "Enterprise cost management": 4022,
        "Total Operating Expenses": 23183,
        "Total revenue financing activities": 646,
        "Net profit from business activities": 7761,
        "Profit": -95,
        "Profit before tax": 7665,
        "Present corporate income tax expenses": 1112,
        "Deferred income taxes expenses": "N/A",
        "The interests of minority shareholders": "N/A",
        "Total Cost of profits": 1112,
        "Profit after tax corporate income": 6553,
        "Volume": 15000000,
        "Close of Quarter": "N/A",
        "EPS": 108.4,
        "Non-adjusted EPS": 437,
        "PE": "N/A",
        "Book Price": "N/A"
      }
    }
  ]
}