{
  "ticker": "SMA",
  "data": [
    {
      "quarter": "Q1 2017",
      "income status": {
        "Net sales": 65536,
        "Cost of goods sold": 58204,
        "Gross Profit": 7332,
        "Financial expenses": 5430,
        "Of which: Interest expense": 5430,
        "Cost of sales": "N/A",
        "Enterprise cost management": 1987,
        "Total Operating Expenses": 7417,
        "Total revenue financing activities": 28,
        "Net profit from business activities": -58,
        "Profit": -50,
        "Profit before tax": -108,
        "Present corporate income tax expenses": 1,
        "Deferred income taxes expenses": "N/A",
        "The interests of minority shareholders": "N/A",
        "Total Cost of profits": 1,
        "Profit after tax corporate income": -109,
        "Volume": 16120000,
        "Close of Quarter": 7.8,
        "EPS": 120,
        "Non-adjusted EPS": 120,
        "PE": 64.6,
        "Book Price": 11.2
      }
    },
    {
      "quarter": "Q4 2016",
      "income status": {
        "Net sales": 116381,
        "Cost of goods sold": 85300,
        "Gross Profit": 31080,
        "Financial expenses": 12070,
        "Of which: Interest expense": 11505,
        "Cost of sales": "N/A",
        "Enterprise cost management": 4054,
        "Total Operating Expenses": 16124,
        "Total revenue financing activities": 43,
        "Net profit from business activities": 14999,
        "Profit": -1132,
        "Profit before tax": 13867,
        "Present corporate income tax expenses": 1172,
        "Deferred income taxes expenses": "N/A",
        "The interests of minority shareholders": "N/A",
        "Total Cost of profits": 1172,
        "Profit after tax corporate income": 12695,
        "Volume": 16120000,
        "Close of Quarter": 6.5,
        "EPS": 29,
        "Non-adjusted EPS": 29,
        "PE": 224.8,
        "Book Price": 11.3
      }
    },
    {
      "quarter": "Q3 2016",
      "income status": {
        "Net sales": 74429,
        "Cost of goods sold": 66143,
        "Gross Profit": 8286,
        "Financial expenses": 11300,
        "Of which: Interest expense": 11030,
        "Cost of sales": "N/A",
        "Enterprise cost management": 3678,
        "Total Operating Expenses": 14978,
        "Total revenue financing activities": 5,
        "Net profit from business activities": -6687,
        "Profit": 1825,
        "Profit before tax": -4862,
        "Present corporate income tax expenses": 367,
        "Deferred income taxes expenses": "N/A",
        "The interests of minority shareholders": "N/A",
        "Total Cost of profits": 367,
        "Profit after tax corporate income": -5229,
        "Volume": 16120000,
        "Close of Quarter": 5.6,
        "EPS": -793,
        "Non-adjusted EPS": -793,
        "PE": -7.1,
        "Book Price": 10.6
      }
    },
    {
      "quarter": "Q2 2016",
      "income status": {
        "Net sales": 89666,
        "Cost of goods sold": 82598,
        "Gross Profit": 7068,
        "Financial expenses": 6277,
        "Of which: Interest expense": 6277,
        "Cost of sales": "N/A",
        "Enterprise cost management": 8023,
        "Total Operating Expenses": 14300,
        "Total revenue financing activities": 85,
        "Net profit from business activities": -7146,
        "Profit": 1740,
        "Profit before tax": -5407,
        "Present corporate income tax expenses": 11,
        "Deferred income taxes expenses": "N/A",
        "The interests of minority shareholders": "N/A",
        "Total Cost of profits": 11,
        "Profit after tax corporate income": -5417,
        "Volume": 16120000,
        "Close of Quarter": 6.4,
        "EPS": -427,
        "Non-adjusted EPS": -427,
        "PE": -15.0,
        "Book Price": 10.5
      }
    },
    {
      "quarter": "Q1 2016",
      "income status": {
        "Net sales": 115742,
        "Cost of goods sold": 111416,
        "Gross Profit": 4326,
        "Financial expenses": 3536,
        "Of which: Interest expense": 3499,
        "Cost of sales": "N/A",
        "Enterprise cost management": 2386,
        "Total Operating Expenses": 5922,
        "Total revenue financing activities": 8,
        "Net profit from business activities": -1587,
        "Profit": -2,
        "Profit before tax": -1589,
        "Present corporate income tax expenses": "N/A",
        "Deferred income taxes expenses": "N/A",
        "The interests of minority shareholders": "N/A",
        "Total Cost of profits": 0,
        "Profit after tax corporate income": -1589,
        "Volume": 16120000,
        "Close of Quarter": 5.1,
        "EPS": -95,
        "Non-adjusted EPS": -95,
        "PE": -54.1,
        "Book Price": 10.9
      }
    },
    {
      "quarter": "Q4 2015",
      "income status": {
        "Net sales": 176324,
        "Cost of goods sold": 163057,
        "Gross Profit": 13267,
        "Financial expenses": 10614,
        "Of which: Interest expense": 9964,
        "Cost of sales": "N/A",
        "Enterprise cost management": 2765,
        "Total Operating Expenses": 13379,
        "Total revenue financing activities": 4,
        "Net profit from business activities": -108,
        "Profit": -438,
        "Profit before tax": -546,
        "Present corporate income tax expenses": "N/A",
        "Deferred income taxes expenses": "N/A",
        "The interests of minority shareholders": "N/A",
        "Total Cost of profits": 0,
        "Profit after tax corporate income": -546,
        "Volume": 16120000,
        "Close of Quarter": 5.5,
        "EPS": 18,
        "Non-adjusted EPS": 18,
        "PE": 307.2,
        "Book Price": 11
      }
    },
    {
      "quarter": "Q3 2015",
      "income status": {
        "Net sales": 175817,
        "Cost of goods sold": 162144,
        "Gross Profit": 13673,
        "Financial expenses": 9735,
        "Of which: Interest expense": 9750,
        "Cost of sales": "N/A",
        "Enterprise cost management": 3037,
        "Total Operating Expenses": 12772,
        "Total revenue financing activities": 95,
        "Net profit from business activities": 995,
        "Profit": -100,
        "Profit before tax": 895,
        "Present corporate income tax expenses": 219,
        "Deferred income taxes expenses": "N/A",
        "The interests of minority shareholders": "N/A",
        "Total Cost of profits": 219,
        "Profit after tax corporate income": 676,
        "Volume": 16120000,
        "Close of Quarter": 5.1,
        "EPS": 187,
        "Non-adjusted EPS": 187,
        "PE": 27.5,
        "Book Price": 11.1
      }
    },
    {
      "quarter": "Q2 2015",
      "income status": {
        "Net sales": 236757,
        "Cost of goods sold": 231612,
        "Gross Profit": 5146,
        "Financial expenses": 2517,
        "Of which: Interest expense": 2606,
        "Cost of sales": "N/A",
        "Enterprise cost management": 2741,
        "Total Operating Expenses": 5258,
        "Total revenue financing activities": 20,
        "Net profit from business activities": -92,
        "Profit": "N/A",
        "Profit before tax": -92,
        "Present corporate income tax expenses": -23,
        "Deferred income taxes expenses": "N/A",
        "The interests of minority shareholders": "N/A",
        "Total Cost of profits": -23,
        "Profit after tax corporate income": -69,
        "Volume": 16120000,
        "Close of Quarter": 4.8,
        "EPS": 313,
        "Non-adjusted EPS": 313,
        "PE": 15.5,
        "Book Price": 11
      }
    },
    {
      "quarter": "Q1 2015",
      "income status": {
        "Net sales": 220930,
        "Cost of goods sold": 210583,
        "Gross Profit": 10347,
        "Financial expenses": 7729,
        "Of which: Interest expense": 7710,
        "Cost of sales": "N/A",
        "Enterprise cost management": 2383,
        "Total Operating Expenses": 10112,
        "Total revenue financing activities": 69,
        "Net profit from business activities": 304,
        "Profit": -2,
        "Profit before tax": 302,
        "Present corporate income tax expenses": 67,
        "Deferred income taxes expenses": "N/A",
        "The interests of minority shareholders": "N/A",
        "Total Cost of profits": 67,
        "Profit after tax corporate income": 235,
        "Volume": 16120000,
        "Close of Quarter": 4.6,
        "EPS": 306,
        "Non-adjusted EPS": 306,
        "PE": 15.2,
        "Book Price": 11.3
      }
    },
    {
      "quarter": "Q4 2014",
      "income status": {
        "Net sales": 357759,
        "Cost of goods sold": 341902,
        "Gross Profit": 15857,
        "Financial expenses": 10076,
        "Of which: Interest expense": 9496,
        "Cost of sales": "N/A",
        "Enterprise cost management": 3289,
        "Total Operating Expenses": 13365,
        "Total revenue financing activities": 275,
        "Net profit from business activities": 2766,
        "Profit": 13,
        "Profit before tax": 2780,
        "Present corporate income tax expenses": 612,
        "Deferred income taxes expenses": "N/A",
        "The interests of minority shareholders": "N/A",
        "Total Cost of profits": 612,
        "Profit after tax corporate income": 2168,
        "Volume": 16120000,
        "Close of Quarter": 4.9,
        "EPS": 315,
        "Non-adjusted EPS": 315,
        "PE": 15.7,
        "Book Price": 11.3
      }
    },
    {
      "quarter": "Q3 2014",
      "income status": {
        "Net sales": 134991,
        "Cost of goods sold": 119792,
        "Gross Profit": 15198,
        "Financial expenses": 9017,
        "Of which: Interest expense": 9015,
        "Cost of sales": "N/A",
        "Enterprise cost management": 2738,
        "Total Operating Expenses": 11755,
        "Total revenue financing activities": 31,
        "Net profit from business activities": 3474,
        "Profit": -2,
        "Profit before tax": 3471,
        "Present corporate income tax expenses": 764,
        "Deferred income taxes expenses": "N/A",
        "The interests of minority shareholders": "N/A",
        "Total Cost of profits": 764,
        "Profit after tax corporate income": 2707,
        "Volume": 16120000,
        "Close of Quarter": 5.5,
        "EPS": 297,
        "Non-adjusted EPS": 297,
        "PE": 18.6,
        "Book Price": 11.2
      }
    },
    {
      "quarter": "Q2 2014",
      "income status": {
        "Net sales": 167690,
        "Cost of goods sold": 155822,
        "Gross Profit": 11868,
        "Financial expenses": 11073,
        "Of which: Interest expense": 10742,
        "Cost of sales": "N/A",
        "Enterprise cost management": 818,
        "Total Operating Expenses": 11891,
        "Total revenue financing activities": 46,
        "Net profit from business activities": 24,
        "Profit": -211,
        "Profit before tax": -187,
        "Present corporate income tax expenses": -4,
        "Deferred income taxes expenses": "N/A",
        "The interests of minority shareholders": "N/A",
        "Total Cost of profits": -4,
        "Profit after tax corporate income": -184,
        "Volume": 16120000,
        "Close of Quarter": 4.9,
        "EPS": 467,
        "Non-adjusted EPS": 467,
        "PE": 10.6,
        "Book Price": 11
      }
    },
    {
      "quarter": "Q1 2014",
      "income status": {
        "Net sales": 134061,
        "Cost of goods sold": 124734,
        "Gross Profit": 9327,
        "Financial expenses": 5597,
        "Of which: Interest expense": 5595,
        "Cost of sales": "N/A",
        "Enterprise cost management": 3250,
        "Total Operating Expenses": 8847,
        "Total revenue financing activities": 23,
        "Net profit from business activities": 503,
        "Profit": "N/A",
        "Profit before tax": 503,
        "Present corporate income tax expenses": 111,
        "Deferred income taxes expenses": "N/A",
        "The interests of minority shareholders": "N/A",
        "Total Cost of profits": 111,
        "Profit after tax corporate income": 393,
        "Volume": 16120000,
        "Close of Quarter": 6.6,
        "EPS": 499,
        "Non-adjusted EPS": 499,
        "PE": 13.3,
        "Book Price": 11.4
      }
    },
    {
      "quarter": "Q4 2013",
      "income status": {
        "Net sales": 360578,
        "Cost of goods sold": 343865,
        "Gross Profit": 16714,
        "Financial expenses": 9761,
        "Of which: Interest expense": 9607,
        "Cost of sales": "N/A",
        "Enterprise cost management": 4491,
        "Total Operating Expenses": 14252,
        "Total revenue financing activities": 27,
        "Net profit from business activities": 2489,
        "Profit": -1,
        "Profit before tax": 2488,
        "Present corporate income tax expenses": 622,
        "Deferred income taxes expenses": "N/A",
        "The interests of minority shareholders": "N/A",
        "Total Cost of profits": 622,
        "Profit after tax corporate income": 1866,
        "Volume": 16120000,
        "Close of Quarter": 4.4,
        "EPS": 491,
        "Non-adjusted EPS": 491,
        "PE": 9.0,
        "Book Price": 11.4
      }
    },
    {
      "quarter": "Q3 2013",
      "income status": {
        "Net sales": 212569,
        "Cost of goods sold": 192133,
        "Gross Profit": 20436,
        "Financial expenses": 9808,
        "Of which: Interest expense": 9781,
        "Cost of sales": "N/A",
        "Enterprise cost management": 3388,
        "Total Operating Expenses": 13196,
        "Total revenue financing activities": 35,
        "Net profit from business activities": 7275,
        "Profit": "N/A",
        "Profit before tax": 7275,
        "Present corporate income tax expenses": 1819,
        "Deferred income taxes expenses": "N/A",
        "The interests of minority shareholders": "N/A",
        "Total Cost of profits": 1819,
        "Profit after tax corporate income": 5456,
        "Volume": 16120000,
        "Close of Quarter": 3.8,
        "EPS": 310,
        "Non-adjusted EPS": 310,
        "PE": 12.1,
        "Book Price": 11.3
      }
    },
    {
      "quarter": "Q2 2013",
      "income status": {
        "Net sales": 105150,
        "Cost of goods sold": 91346,
        "Gross Profit": 13804,
        "Financial expenses": 10669,
        "Of which: Interest expense": 10611,
        "Cost of sales": "N/A",
        "Enterprise cost management": 3335,
        "Total Operating Expenses": 14004,
        "Total revenue financing activities": 796,
        "Net profit from business activities": 597,
        "Profit": -117,
        "Profit before tax": 480,
        "Present corporate income tax expenses": 149,
        "Deferred income taxes expenses": "N/A",
        "The interests of minority shareholders": "N/A",
        "Total Cost of profits": 149,
        "Profit after tax corporate income": 331,
        "Volume": 16120000,
        "Close of Quarter": 4.0,
        "EPS": 306,
        "Non-adjusted EPS": 306,
        "PE": 12.9,
        "Book Price": 11
      }
    },
    {
      "quarter": "Q1 2013",
      "income status": {
        "Net sales": 101705,
        "Cost of goods sold": 90674,
        "Gross Profit": 11032,
        "Financial expenses": 7537,
        "Of which: Interest expense": 7453,
        "Cost of sales": "N/A",
        "Enterprise cost management": 3222,
        "Total Operating Expenses": 10759,
        "Total revenue financing activities": 77,
        "Net profit from business activities": 350,
        "Profit": -1,
        "Profit before tax": 349,
        "Present corporate income tax expenses": 87,
        "Deferred income taxes expenses": "N/A",
        "The interests of minority shareholders": "N/A",
        "Total Cost of profits": 87,
        "Profit after tax corporate income": 262,
        "Volume": 16120000,
        "Close of Quarter": 3.8,
        "EPS": 382,
        "Non-adjusted EPS": 382,
        "PE": 9.8,
        "Book Price": 11.3
      }
    },
    {
      "quarter": "Q4 2012",
      "income status": {
        "Net sales": 358985,
        "Cost of goods sold": 340744,
        "Gross Profit": 18241,
        "Financial expenses": 10679,
        "Of which: Interest expense": 10493,
        "Cost of sales": "N/A",
        "Enterprise cost management": 10344,
        "Total Operating Expenses": 21023,
        "Total revenue financing activities": 1359,
        "Net profit from business activities": -1423,
        "Profit": -7,
        "Profit before tax": -1430,
        "Present corporate income tax expenses": -376,
        "Deferred income taxes expenses": "N/A",
        "The interests of minority shareholders": "N/A",
        "Total Cost of profits": -376,
        "Profit after tax corporate income": -1055,
        "Volume": 16120000,
        "Close of Quarter": 3.8,
        "EPS": 379,
        "Non-adjusted EPS": 379,
        "PE": 9.9,
        "Book Price": 11.3
      }
    },
    {
      "quarter": "Q3 2012",
      "income status": {
        "Net sales": 85108,
        "Cost of goods sold": 62362,
        "Gross Profit": 22746,
        "Financial expenses": 14199,
        "Of which: Interest expense": 14151,
        "Cost of sales": "N/A",
        "Enterprise cost management": 1500,
        "Total Operating Expenses": 15699,
        "Total revenue financing activities": 151,
        "Net profit from business activities": 7198,
        "Profit": "N/A",
        "Profit before tax": 7198,
        "Present corporate income tax expenses": 1799,
        "Deferred income taxes expenses": "N/A",
        "The interests of minority shareholders": "N/A",
        "Total Cost of profits": 1799,
        "Profit after tax corporate income": 5398,
        "Volume": 16120000,
        "Close of Quarter": 3.8,
        "EPS": 634,
        "Non-adjusted EPS": 634,
        "PE": 5.9,
        "Book Price": 11.4
      }
    },
    {
      "quarter": "Q2 2012",
      "income status": {
        "Net sales": 109182,
        "Cost of goods sold": 83320,
        "Gross Profit": 25862,
        "Financial expenses": 20409,
        "Of which: Interest expense": 20231,
        "Cost of sales": "N/A",
        "Enterprise cost management": 3457,
        "Total Operating Expenses": 23866,
        "Total revenue financing activities": 68,
        "Net profit from business activities": 2063,
        "Profit": "N/A",
        "Profit before tax": 2063,
        "Present corporate income tax expenses": 516,
        "Deferred income taxes expenses": "N/A",
        "The interests of minority shareholders": "N/A",
        "Total Cost of profits": 516,
        "Profit after tax corporate income": 1547,
        "Volume": 8060000,
        "Close of Quarter": 7.0,
        "EPS": 443,
        "Non-adjusted EPS": 886,
        "PE": 7.9,
        "Book Price": 6
      }
    },
    {
      "quarter": "Q1 2012",
      "income status": {
        "Net sales": 74467,
        "Cost of goods sold": 65381,
        "Gross Profit": 9086,
        "Financial expenses": 8039,
        "Of which: Interest expense": 7683,
        "Cost of sales": "N/A",
        "Enterprise cost management": 2786,
        "Total Operating Expenses": 10825,
        "Total revenue financing activities": 2038,
        "Net profit from business activities": 299,
        "Profit": "N/A",
        "Profit before tax": 299,
        "Present corporate income tax expenses": 75,
        "Deferred income taxes expenses": "N/A",
        "The interests of minority shareholders": "N/A",
        "Total Cost of profits": 75,
        "Profit after tax corporate income": 224,
        "Volume": 8060000,
        "Close of Quarter": 5.7,
        "EPS": 630.5,
        "Non-adjusted EPS": 1261,
        "PE": 4.5,
        "Book Price": 6.6
      }
    },
    {
      "quarter": "Q4 2011",
      "income status": {
        "Net sales": 169923,
        "Cost of goods sold": 150759,
        "Gross Profit": 19164,
        "Financial expenses": 10724,
        "Of which: Interest expense": 10484,
        "Cost of sales": "N/A",
        "Enterprise cost management": 11687,
        "Total Operating Expenses": 22411,
        "Total revenue financing activities": 7335,
        "Net profit from business activities": 4088,
        "Profit": -17,
        "Profit before tax": 4071,
        "Present corporate income tax expenses": 1021,
        "Deferred income taxes expenses": "N/A",
        "The interests of minority shareholders": "N/A",
        "Total Cost of profits": 1021,
        "Profit after tax corporate income": 3050,
        "Volume": 8060000,
        "Close of Quarter": 3.6,
        "EPS": 748.5,
        "Non-adjusted EPS": 1497,
        "PE": 2.4,
        "Book Price": 6.6
      }
    },
    {
      "quarter": "Q3 2011",
      "income status": {
        "Net sales": 145746,
        "Cost of goods sold": 138648,
        "Gross Profit": 7098,
        "Financial expenses": 7095,
        "Of which: Interest expense": 5523,
        "Cost of sales": "N/A",
        "Enterprise cost management": 5633,
        "Total Operating Expenses": 12728,
        "Total revenue financing activities": 8677,
        "Net profit from business activities": 3047,
        "Profit": 45,
        "Profit before tax": 3092,
        "Present corporate income tax expenses": 773,
        "Deferred income taxes expenses": "N/A",
        "The interests of minority shareholders": "N/A",
        "Total Cost of profits": 773,
        "Profit after tax corporate income": 2319,
        "Volume": 8060000,
        "Close of Quarter": 5.9,
        "EPS": 1095,
        "Non-adjusted EPS": 2190,
        "PE": 2.7,
        "Book Price": 6.4
      }
    },
    {
      "quarter": "Q2 2011",
      "income status": {
        "Net sales": 135263,
        "Cost of goods sold": 129713,
        "Gross Profit": 5550,
        "Financial expenses": 5978,
        "Of which: Interest expense": 5476,
        "Cost of sales": "N/A",
        "Enterprise cost management": 4425,
        "Total Operating Expenses": 10403,
        "Total revenue financing activities": 11033,
        "Net profit from business activities": 6181,
        "Profit": -90,
        "Profit before tax": 6091,
        "Present corporate income tax expenses": 1523,
        "Deferred income taxes expenses": "N/A",
        "The interests of minority shareholders": "N/A",
        "Total Cost of profits": 1523,
        "Profit after tax corporate income": 4568,
        "Volume": 8060000,
        "Close of Quarter": 6.6,
        "EPS": 1255,
        "Non-adjusted EPS": 2510,
        "PE": 2.7,
        "Book Price": 6.3
      }
    },
    {
      "quarter": "Q1 2011",
      "income status": {
        "Net sales": 118528,
        "Cost of goods sold": 108787,
        "Gross Profit": 9741,
        "Financial expenses": 3974,
        "Of which: Interest expense": 3262,
        "Cost of sales": "N/A",
        "Enterprise cost management": 3150,
        "Total Operating Expenses": 7124,
        "Total revenue financing activities": 307,
        "Net profit from business activities": 2924,
        "Profit": -90,
        "Profit before tax": 2834,
        "Present corporate income tax expenses": 709,
        "Deferred income taxes expenses": "N/A",
        "The interests of minority shareholders": "N/A",
        "Total Cost of profits": 709,
        "Profit after tax corporate income": 2126,
        "Volume": 8060000,
        "Close of Quarter": 8.2,
        "EPS": 1363,
        "Non-adjusted EPS": 2726,
        "PE": 3.0,
        "Book Price": 6
      }
    },
    {
      "quarter": "Q4 2010",
      "income status": {
        "Net sales": 202670,
        "Cost of goods sold": 195452,
        "Gross Profit": 7218,
        "Financial expenses": 12508,
        "Of which: Interest expense": 11562,
        "Cost of sales": "N/A",
        "Enterprise cost management": 7221,
        "Total Operating Expenses": 19729,
        "Total revenue financing activities": 24032,
        "Net profit from business activities": 11521,
        "Profit": "N/A",
        "Profit before tax": 11521,
        "Present corporate income tax expenses": 2884,
        "Deferred income taxes expenses": "N/A",
        "The interests of minority shareholders": "N/A",
        "Total Cost of profits": 2884,
        "Profit after tax corporate income": 8637,
        "Volume": 8060000,
        "Close of Quarter": 9.5,
        "EPS": 1372,
        "Non-adjusted EPS": 2744,
        "PE": 3.5,
        "Book Price": 5.9
      }
    },
    {
      "quarter": "Q3 2010",
      "income status": {
        "Net sales": 150249,
        "Cost of goods sold": 135269,
        "Gross Profit": 14980,
        "Financial expenses": 3640,
        "Of which: Interest expense": 2881,
        "Cost of sales": "N/A",
        "Enterprise cost management": 6003,
        "Total Operating Expenses": 9643,
        "Total revenue financing activities": 1197,
        "Net profit from business activities": 6533,
        "Profit": -2,
        "Profit before tax": 6532,
        "Present corporate income tax expenses": 1633,
        "Deferred income taxes expenses": "N/A",
        "The interests of minority shareholders": "N/A",
        "Total Cost of profits": 1633,
        "Profit after tax corporate income": 4899,
        "Volume": 8060000,
        "Close of Quarter": "N/A",
        "EPS": 1270,
        "Non-adjusted EPS": 2540,
        "PE": "N/A",
        "Book Price": 6.4
      }
    },
    {
      "quarter": "Q2 2010",
      "income status": {
        "Net sales": 247423,
        "Cost of goods sold": 226292,
        "Gross Profit": 21132,
        "Financial expenses": 6536,
        "Of which: Interest expense": 4493,
        "Cost of sales": "N/A",
        "Enterprise cost management": 7387,
        "Total Operating Expenses": 13923,
        "Total revenue financing activities": 1190,
        "Net profit from business activities": 8399,
        "Profit": 9,
        "Profit before tax": 8408,
        "Present corporate income tax expenses": 2102,
        "Deferred income taxes expenses": "N/A",
        "The interests of minority shareholders": "N/A",
        "Total Cost of profits": 2102,
        "Profit after tax corporate income": 6306,
        "Volume": 8060000,
        "Close of Quarter": "N/A",
        "EPS": 1100,
        "Non-adjusted EPS": 2200,
        "PE": "N/A",
        "Book Price": 6.1
      }
    },
    {
      "quarter": "Q1 2010",
      "income status": {
        "Net sales": 118613,
        "Cost of goods sold": 108480,
        "Gross Profit": 10132,
        "Financial expenses": 3657,
        "Of which: Interest expense": 2107,
        "Cost of sales": "N/A",
        "Enterprise cost management": 3987,
        "Total Operating Expenses": 7644,
        "Total revenue financing activities": 539,
        "Net profit from business activities": 3029,
        "Profit": "N/A",
        "Profit before tax": 3029,
        "Present corporate income tax expenses": 757,
        "Deferred income taxes expenses": "N/A",
        "The interests of minority shareholders": "N/A",
        "Total Cost of profits": 757,
        "Profit after tax corporate income": 2272,
        "Volume": 8060000,
        "Close of Quarter": "N/A",
        "EPS": 709,
        "Non-adjusted EPS": 1418,
        "PE": "N/A",
        "Book Price": "N/A"
      }
    },
    {
      "quarter": "Q4 2009",
      "income status": {
        "Net sales": 192731,
        "Cost of goods sold": 178487,
        "Gross Profit": 14244,
        "Financial expenses": 2576,
        "Of which: Interest expense": 1169,
        "Cost of sales": "N/A",
        "Enterprise cost management": 4314,
        "Total Operating Expenses": 6890,
        "Total revenue financing activities": 314,
        "Net profit from business activities": 7668,
        "Profit": 17,
        "Profit before tax": 7686,
        "Present corporate income tax expenses": 688,
        "Deferred income taxes expenses": "N/A",
        "The interests of minority shareholders": "N/A",
        "Total Cost of profits": 688,
        "Profit after tax corporate income": 6998,
        "Volume": 8060000,
        "Close of Quarter": "N/A",
        "EPS": 568,
        "Non-adjusted EPS": 1136,
        "PE": "N/A",
        "Book Price": 5.7
      }
    },
    {
      "quarter": "Q3 2009",
      "income status": {
        "Net sales": 128125,
        "Cost of goods sold": 119347,
        "Gross Profit": 8778,
        "Financial expenses": 2402,
        "Of which: Interest expense": 2147,
        "Cost of sales": "N/A",
        "Enterprise cost management": 4496,
        "Total Operating Expenses": 6898,
        "Total revenue financing activities": 567,
        "Net profit from business activities": 2446,
        "Profit": -64,
        "Profit before tax": 2382,
        "Present corporate income tax expenses": 226,
        "Deferred income taxes expenses": "N/A",
        "The interests of minority shareholders": "N/A",
        "Total Cost of profits": 226,
        "Profit after tax corporate income": 2157,
        "Volume": 8060000,
        "Close of Quarter": "N/A",
        "EPS": 134,
        "Non-adjusted EPS": 268,
        "PE": "N/A",
        "Book Price": "N/A"
      }
    }
  ]
}