{
  "ticker": "KBC",
  "data": [
    {
      "quarter": "Q1 2017",
      "income status": {
        "Net sales": 435286,
        "Cost of goods sold": 180506,
        "Gross Profit": 254780,
        "Financial expenses": 19023,
        "Of which: Interest expense": 17924,
        "Cost of sales": 3712,
        "Enterprise cost management": 36030,
        "Total Operating Expenses": 58765,
        "Total revenue financing activities": 22018,
        "Net profit from business activities": 228049,
        "Profit": 692,
        "Profit before tax": 228741,
        "Present corporate income tax expenses": 49740,
        "Deferred income taxes expenses": -1600,
        "The interests of minority shareholders": 3499,
        "Total Cost of profits": 51639,
        "Profit after tax corporate income": 177102,
        "Volume": 469760512,
        "Close of Quarter": 15,
        "EPS": 1363,
        "Non-adjusted EPS": 1363,
        "PE": 11.0,
        "Book Price": 18.7
      }
    },
    {
      "quarter": "Q4 2016",
      "income status": {
        "Net sales": 405460,
        "Cost of goods sold": 218833,
        "Gross Profit": 186628,
        "Financial expenses": 35280,
        "Of which: Interest expense": 18530,
        "Cost of sales": 8083,
        "Enterprise cost management": 33214,
        "Total Operating Expenses": 76577,
        "Total revenue financing activities": 10647,
        "Net profit from business activities": 143434,
        "Profit": 712,
        "Profit before tax": 144146,
        "Present corporate income tax expenses": 33352,
        "Deferred income taxes expenses": 26282,
        "The interests of minority shareholders": 46635,
        "Total Cost of profits": 106269,
        "Profit after tax corporate income": 37877,
        "Volume": 469760512,
        "Close of Quarter": 13.9,
        "EPS": 1188,
        "Non-adjusted EPS": 1188,
        "PE": 11.7,
        "Book Price": 18.4
      }
    },
    {
      "quarter": "Q3 2016",
      "income status": {
        "Net sales": 453607,
        "Cost of goods sold": 144380,
        "Gross Profit": 309227,
        "Financial expenses": 19635,
        "Of which: Interest expense": 19394,
        "Cost of sales": 1886,
        "Enterprise cost management": 26498,
        "Total Operating Expenses": 48019,
        "Total revenue financing activities": 10096,
        "Net profit from business activities": 262105,
        "Profit": 710,
        "Profit before tax": 262815,
        "Present corporate income tax expenses": 19771,
        "Deferred income taxes expenses": 35233,
        "The interests of minority shareholders": 79910,
        "Total Cost of profits": 134914,
        "Profit after tax corporate income": 127901,
        "Volume": 469760512,
        "Close of Quarter": 19,
        "EPS": 1689,
        "Non-adjusted EPS": 1689,
        "PE": 11.3,
        "Book Price": 18.4
      }
    },
    {
      "quarter": "Q2 2016",
      "income status": {
        "Net sales": 667092,
        "Cost of goods sold": 239611,
        "Gross Profit": 427481,
        "Financial expenses": 21382,
        "Of which: Interest expense": 21770,
        "Cost of sales": 5637,
        "Enterprise cost management": 36090,
        "Total Operating Expenses": 63109,
        "Total revenue financing activities": 8408,
        "Net profit from business activities": 380661,
        "Profit": 470,
        "Profit before tax": 381131,
        "Present corporate income tax expenses": 43837,
        "Deferred income taxes expenses": 24865,
        "The interests of minority shareholders": 15124,
        "Total Cost of profits": 83826,
        "Profit after tax corporate income": 297305,
        "Volume": 469760512,
        "Close of Quarter": 15.5,
        "EPS": 1636,
        "Non-adjusted EPS": 1636,
        "PE": 9.5,
        "Book Price": 18
      }
    },
    {
      "quarter": "Q1 2016",
      "income status": {
        "Net sales": 446300,
        "Cost of goods sold": 262243,
        "Gross Profit": 184057,
        "Financial expenses": 22899,
        "Of which: Interest expense": 21962,
        "Cost of sales": 17608,
        "Enterprise cost management": 24485,
        "Total Operating Expenses": 64992,
        "Total revenue financing activities": 9890,
        "Net profit from business activities": 129100,
        "Profit": 4826,
        "Profit before tax": 133927,
        "Present corporate income tax expenses": 8112,
        "Deferred income taxes expenses": 18296,
        "The interests of minority shareholders": 12645,
        "Total Cost of profits": 39053,
        "Profit after tax corporate income": 94874,
        "Volume": 469760512,
        "Close of Quarter": 12.7,
        "EPS": 1203,
        "Non-adjusted EPS": 1203,
        "PE": 10.6,
        "Book Price": 17.3
      }
    },
    {
      "quarter": "Q4 2015",
      "income status": {
        "Net sales": 281111,
        "Cost of goods sold": 101550,
        "Gross Profit": 179561,
        "Financial expenses": 815,
        "Of which: Interest expense": 20736,
        "Cost of sales": 2994,
        "Enterprise cost management": 20893,
        "Total Operating Expenses": 24702,
        "Total revenue financing activities": 182464,
        "Net profit from business activities": 343299,
        "Profit": -319,
        "Profit before tax": 342980,
        "Present corporate income tax expenses": 31323,
        "Deferred income taxes expenses": 47718,
        "The interests of minority shareholders": -9483,
        "Total Cost of profits": 69558,
        "Profit after tax corporate income": 273422,
        "Volume": 469760512,
        "Close of Quarter": 13.1,
        "EPS": 1339,
        "Non-adjusted EPS": 1339,
        "PE": 9.8,
        "Book Price": 17.1
      }
    },
    {
      "quarter": "Q3 2015",
      "income status": {
        "Net sales": 529933,
        "Cost of goods sold": 374053,
        "Gross Profit": 155880,
        "Financial expenses": 11219,
        "Of which: Interest expense": 20464,
        "Cost of sales": 4175,
        "Enterprise cost management": 22379,
        "Total Operating Expenses": 37773,
        "Total revenue financing activities": 7826,
        "Net profit from business activities": 128081,
        "Profit": -1115,
        "Profit before tax": 126966,
        "Present corporate income tax expenses": 29794,
        "Deferred income taxes expenses": -9527,
        "The interests of minority shareholders": 3972,
        "Total Cost of profits": 24239,
        "Profit after tax corporate income": 102728,
        "Volume": 469760512,
        "Close of Quarter": 12.6,
        "EPS": 1100,
        "Non-adjusted EPS": 1100,
        "PE": 11.5,
        "Book Price": 16.6
      }
    },
    {
      "quarter": "Q2 2015",
      "income status": {
        "Net sales": 102503,
        "Cost of goods sold": 101095,
        "Gross Profit": 1409,
        "Financial expenses": -8925,
        "Of which: Interest expense": 12486,
        "Cost of sales": 5405,
        "Enterprise cost management": 24982,
        "Total Operating Expenses": 21462,
        "Total revenue financing activities": 124341,
        "Net profit from business activities": 103772,
        "Profit": 555,
        "Profit before tax": 104327,
        "Present corporate income tax expenses": 24549,
        "Deferred income taxes expenses": -7532,
        "The interests of minority shareholders": -6985,
        "Total Cost of profits": 10032,
        "Profit after tax corporate income": 94295,
        "Volume": 469760512,
        "Close of Quarter": 15.5,
        "EPS": 1143,
        "Non-adjusted EPS": 1143,
        "PE": 13.6,
        "Book Price": 16.4
      }
    },
    {
      "quarter": "Q1 2015",
      "income status": {
        "Net sales": 544411,
        "Cost of goods sold": 284707,
        "Gross Profit": 259704,
        "Financial expenses": 38262,
        "Of which: Interest expense": 36514,
        "Cost of sales": 22314,
        "Enterprise cost management": 24745,
        "Total Operating Expenses": 85321,
        "Total revenue financing activities": 2493,
        "Net profit from business activities": 178858,
        "Profit": -49,
        "Profit before tax": 178809,
        "Present corporate income tax expenses": 28224,
        "Deferred income taxes expenses": -13114,
        "The interests of minority shareholders": 5284,
        "Total Cost of profits": 20394,
        "Profit after tax corporate income": 158415,
        "Volume": 469760512,
        "Close of Quarter": 16,
        "EPS": 1003,
        "Non-adjusted EPS": 1003,
        "PE": 16.0,
        "Book Price": 16.2
      }
    },
    {
      "quarter": "Q4 2014",
      "income status": {
        "Net sales": 488672,
        "Cost of goods sold": 217633,
        "Gross Profit": 271039,
        "Financial expenses": 95863,
        "Of which: Interest expense": 44601,
        "Cost of sales": 8278,
        "Enterprise cost management": 23563,
        "Total Operating Expenses": 127704,
        "Total revenue financing activities": 9434,
        "Net profit from business activities": 163283,
        "Profit": -1250,
        "Profit before tax": 162034,
        "Present corporate income tax expenses": 8776,
        "Deferred income taxes expenses": -4893,
        "The interests of minority shareholders": -2916,
        "Total Cost of profits": 967,
        "Profit after tax corporate income": 161066,
        "Volume": 389760512,
        "Close of Quarter": 15.9,
        "EPS": 694.5,
        "Non-adjusted EPS": 837,
        "PE": 19,
        "Book Price": 13.4
      }
    },
    {
      "quarter": "Q3 2014",
      "income status": {
        "Net sales": 359877,
        "Cost of goods sold": 150863,
        "Gross Profit": 209014,
        "Financial expenses": 47442,
        "Of which: Interest expense": 43616,
        "Cost of sales": 3847,
        "Enterprise cost management": 20151,
        "Total Operating Expenses": 71440,
        "Total revenue financing activities": 15233,
        "Net profit from business activities": 151876,
        "Profit": 405,
        "Profit before tax": 152280,
        "Present corporate income tax expenses": 33171,
        "Deferred income taxes expenses": -9523,
        "The interests of minority shareholders": 5381,
        "Total Cost of profits": 29029,
        "Profit after tax corporate income": 123251,
        "Volume": 389760512,
        "Close of Quarter": 15,
        "EPS": 772.5,
        "Non-adjusted EPS": 931,
        "PE": 16.1,
        "Book Price": 12.9
      }
    },
    {
      "quarter": "Q2 2014",
      "income status": {
        "Net sales": 66869,
        "Cost of goods sold": 32921,
        "Gross Profit": 33948,
        "Financial expenses": 98521,
        "Of which: Interest expense": 101897,
        "Cost of sales": 2551,
        "Enterprise cost management": 22963,
        "Total Operating Expenses": 124035,
        "Total revenue financing activities": 118638,
        "Net profit from business activities": 18732,
        "Profit": 92,
        "Profit before tax": 18825,
        "Present corporate income tax expenses": 2062,
        "Deferred income taxes expenses": -1195,
        "The interests of minority shareholders": -10645,
        "Total Cost of profits": -9778,
        "Profit after tax corporate income": 28602,
        "Volume": 389760512,
        "Close of Quarter": 11.2,
        "EPS": 386.6,
        "Non-adjusted EPS": 466,
        "PE": 24.0,
        "Book Price": 12.6
      }
    },
    {
      "quarter": "Q1 2014",
      "income status": {
        "Net sales": 153617,
        "Cost of goods sold": 79950,
        "Gross Profit": 73667,
        "Financial expenses": 64300,
        "Of which: Interest expense": 58409,
        "Cost of sales": 3012,
        "Enterprise cost management": 13969,
        "Total Operating Expenses": 81281,
        "Total revenue financing activities": 14565,
        "Net profit from business activities": 7053,
        "Profit": -25,
        "Profit before tax": 7028,
        "Present corporate income tax expenses": 3730,
        "Deferred income taxes expenses": -4591,
        "The interests of minority shareholders": -5392,
        "Total Cost of profits": -6253,
        "Profit after tax corporate income": 13281,
        "Volume": 289760512,
        "Close of Quarter": 13,
        "EPS": 288.1,
        "Non-adjusted EPS": 467,
        "PE": 27.8,
        "Book Price": 10.5
      }
    },
    {
      "quarter": "Q4 2013",
      "income status": {
        "Net sales": 743637,
        "Cost of goods sold": 359658,
        "Gross Profit": 383979,
        "Financial expenses": 149965,
        "Of which: Interest expense": 93497,
        "Cost of sales": 3205,
        "Enterprise cost management": 21961,
        "Total Operating Expenses": 175131,
        "Total revenue financing activities": 23938,
        "Net profit from business activities": 232786,
        "Profit": 1211,
        "Profit before tax": 226487,
        "Present corporate income tax expenses": 46368,
        "Deferred income taxes expenses": -17058,
        "The interests of minority shareholders": -622,
        "Total Cost of profits": 28688,
        "Profit after tax corporate income": 197800,
        "Volume": 289760512,
        "Close of Quarter": 9.8,
        "EPS": 146.8,
        "Non-adjusted EPS": 238,
        "PE": 41.2,
        "Book Price": 8.6
      }
    },
    {
      "quarter": "Q3 2013",
      "income status": {
        "Net sales": 139320,
        "Cost of goods sold": 110210,
        "Gross Profit": 29111,
        "Financial expenses": 76177,
        "Of which: Interest expense": 71737,
        "Cost of sales": 1894,
        "Enterprise cost management": 16181,
        "Total Operating Expenses": 94252,
        "Total revenue financing activities": 5180,
        "Net profit from business activities": -59961,
        "Profit": 1169,
        "Profit before tax": -62148,
        "Present corporate income tax expenses": -587,
        "Deferred income taxes expenses": -216,
        "The interests of minority shareholders": -3348,
        "Total Cost of profits": -4151,
        "Profit after tax corporate income": -57998,
        "Volume": 289760512,
        "Close of Quarter": 8.5,
        "EPS": -713.1,
        "Non-adjusted EPS": -1156,
        "PE": -7.4,
        "Book Price": 8.2
      }
    },
    {
      "quarter": "Q2 2013",
      "income status": {
        "Net sales": 151180,
        "Cost of goods sold": 86301,
        "Gross Profit": 64879,
        "Financial expenses": 79679,
        "Of which: Interest expense": 72756,
        "Cost of sales": 2560,
        "Enterprise cost management": 7201,
        "Total Operating Expenses": 89440,
        "Total revenue financing activities": 5038,
        "Net profit from business activities": -19522,
        "Profit": 1133,
        "Profit before tax": -20995,
        "Present corporate income tax expenses": 5907,
        "Deferred income taxes expenses": -28160,
        "The interests of minority shareholders": 18925,
        "Total Cost of profits": -3328,
        "Profit after tax corporate income": -17668,
        "Volume": 289760512,
        "Close of Quarter": 7.4,
        "EPS": -871.0,
        "Non-adjusted EPS": -1412,
        "PE": -5.2,
        "Book Price": 8.3
      }
    },
    {
      "quarter": "Q1 2013",
      "income status": {
        "Net sales": 38832,
        "Cost of goods sold": 22131,
        "Gross Profit": 16701,
        "Financial expenses": 72807,
        "Of which: Interest expense": 72707,
        "Cost of sales": 2928,
        "Enterprise cost management": 11169,
        "Total Operating Expenses": 86904,
        "Total revenue financing activities": 4901,
        "Net profit from business activities": -65302,
        "Profit": 10110,
        "Profit before tax": -56256,
        "Present corporate income tax expenses": 92,
        "Deferred income taxes expenses": -1158,
        "The interests of minority shareholders": -2107,
        "Total Cost of profits": -3173,
        "Profit after tax corporate income": -53084,
        "Volume": 289760512,
        "Close of Quarter": 8,
        "EPS": -1088.7,
        "Non-adjusted EPS": -1765,
        "PE": -4.5,
        "Book Price": 8.3
      }
    },
    {
      "quarter": "Q4 2012",
      "income status": {
        "Net sales": 92958,
        "Cost of goods sold": 78939,
        "Gross Profit": 14019,
        "Financial expenses": 102252,
        "Of which: Interest expense": 79187,
        "Cost of sales": 4112,
        "Enterprise cost management": 111681,
        "Total Operating Expenses": 218045,
        "Total revenue financing activities": 12871,
        "Net profit from business activities": -191155,
        "Profit": -172,
        "Profit before tax": -225317,
        "Present corporate income tax expenses": 783,
        "Deferred income taxes expenses": -1240,
        "The interests of minority shareholders": -18596,
        "Total Cost of profits": -19053,
        "Profit after tax corporate income": -206264,
        "Volume": 289760512,
        "Close of Quarter": 5.9,
        "EPS": -935.7,
        "Non-adjusted EPS": -1517,
        "PE": -3.9,
        "Book Price": 8.5
      }
    },
    {
      "quarter": "Q3 2012",
      "income status": {
        "Net sales": 13800,
        "Cost of goods sold": 6979,
        "Gross Profit": 6821,
        "Financial expenses": 83680,
        "Of which: Interest expense": 82297,
        "Cost of sales": 4451,
        "Enterprise cost management": 34302,
        "Total Operating Expenses": 122433,
        "Total revenue financing activities": 8277,
        "Net profit from business activities": -107335,
        "Profit": -1024,
        "Profit before tax": -140581,
        "Present corporate income tax expenses": -2122,
        "Deferred income taxes expenses": "N/A",
        "The interests of minority shareholders": -6216,
        "Total Cost of profits": -8338,
        "Profit after tax corporate income": -132243,
        "Volume": 289760512,
        "Close of Quarter": 5.8,
        "EPS": -376.9,
        "Non-adjusted EPS": -611,
        "PE": -9.5,
        "Book Price": 8.9
      }
    },
    {
      "quarter": "Q2 2012",
      "income status": {
        "Net sales": 27326,
        "Cost of goods sold": 59759,
        "Gross Profit": -32434,
        "Financial expenses": 79416,
        "Of which: Interest expense": 78638,
        "Cost of sales": 1472,
        "Enterprise cost management": 30754,
        "Total Operating Expenses": 111642,
        "Total revenue financing activities": 11970,
        "Net profit from business activities": -132106,
        "Profit": 525,
        "Profit before tax": -136671,
        "Present corporate income tax expenses": 160,
        "Deferred income taxes expenses": "N/A",
        "The interests of minority shareholders": -17046,
        "Total Cost of profits": -16886,
        "Profit after tax corporate income": -119785,
        "Volume": 289760512,
        "Close of Quarter": 11,
        "EPS": -135.7,
        "Non-adjusted EPS": -220,
        "PE": -50,
        "Book Price": 9.2
      }
    },
    {
      "quarter": "Q1 2012",
      "income status": {
        "Net sales": 147255,
        "Cost of goods sold": 27862,
        "Gross Profit": 119392,
        "Financial expenses": 80559,
        "Of which: Interest expense": 79756,
        "Cost of sales": 1472,
        "Enterprise cost management": 30444,
        "Total Operating Expenses": 112475,
        "Total revenue financing activities": 11851,
        "Net profit from business activities": 18769,
        "Profit": 2583,
        "Profit before tax": 12036,
        "Present corporate income tax expenses": -160,
        "Deferred income taxes expenses": "N/A",
        "The interests of minority shareholders": -6410,
        "Total Cost of profits": -6570,
        "Profit after tax corporate income": 18605,
        "Volume": 289760512,
        "Close of Quarter": 13.5,
        "EPS": 17.9,
        "Non-adjusted EPS": 29,
        "PE": 465.5,
        "Book Price": 9.4
      }
    },
    {
      "quarter": "Q4 2011",
      "income status": {
        "Net sales": 228808,
        "Cost of goods sold": 71315,
        "Gross Profit": 157493,
        "Financial expenses": 97576,
        "Of which: Interest expense": 82789,
        "Cost of sales": 4401,
        "Enterprise cost management": 44205,
        "Total Operating Expenses": 146182,
        "Total revenue financing activities": 37745,
        "Net profit from business activities": 49055,
        "Profit": 15406,
        "Profit before tax": 50098,
        "Present corporate income tax expenses": -7404,
        "Deferred income taxes expenses": -5252,
        "The interests of minority shareholders": 6376,
        "Total Cost of profits": -6280,
        "Profit after tax corporate income": 56378,
        "Volume": 289760512,
        "Close of Quarter": 10.1,
        "EPS": 87.0,
        "Non-adjusted EPS": 141,
        "PE": 71.6,
        "Book Price": 9.4
      }
    },
    {
      "quarter": "Q3 2011",
      "income status": {
        "Net sales": 40458,
        "Cost of goods sold": 14874,
        "Gross Profit": 25585,
        "Financial expenses": 70328,
        "Of which: Interest expense": 70169,
        "Cost of sales": 4229,
        "Enterprise cost management": 29910,
        "Total Operating Expenses": 104467,
        "Total revenue financing activities": 61862,
        "Net profit from business activities": -17021,
        "Profit": 3086,
        "Profit before tax": 50134,
        "Present corporate income tax expenses": -3014,
        "Deferred income taxes expenses": -407,
        "The interests of minority shareholders": 3091,
        "Total Cost of profits": -330,
        "Profit after tax corporate income": -18863,
        "Volume": 289760512,
        "Close of Quarter": 15.8,
        "EPS": 776.0,
        "Non-adjusted EPS": 1258,
        "PE": 12.6,
        "Book Price": 9.3
      }
    },
    {
      "quarter": "Q2 2011",
      "income status": {
        "Net sales": 151351,
        "Cost of goods sold": 88416,
        "Gross Profit": 62935,
        "Financial expenses": 80280,
        "Of which: Interest expense": 66078,
        "Cost of sales": 4353,
        "Enterprise cost management": 30430,
        "Total Operating Expenses": 115063,
        "Total revenue financing activities": 37130,
        "Net profit from business activities": -14999,
        "Profit": 1578,
        "Profit before tax": -23551,
        "Present corporate income tax expenses": 11723,
        "Deferred income taxes expenses": -2042,
        "The interests of minority shareholders": 14533,
        "Total Cost of profits": 24214,
        "Profit after tax corporate income": -47764,
        "Volume": 289760512,
        "Close of Quarter": 16.7,
        "EPS": 1258.3,
        "Non-adjusted EPS": 2040,
        "PE": 8.2,
        "Book Price": 9.3
      }
    },
    {
      "quarter": "Q1 2011",
      "income status": {
        "Net sales": 212927,
        "Cost of goods sold": 101961,
        "Gross Profit": 110967,
        "Financial expenses": 74577,
        "Of which: Interest expense": 67763,
        "Cost of sales": 6641,
        "Enterprise cost management": 34083,
        "Total Operating Expenses": 115301,
        "Total revenue financing activities": 99743,
        "Net profit from business activities": 95409,
        "Profit": "N/A",
        "Profit before tax": 92878,
        "Present corporate income tax expenses": 23859,
        "Deferred income taxes expenses": -1579,
        "The interests of minority shareholders": 19358,
        "Total Cost of profits": 41638,
        "Profit after tax corporate income": 51239,
        "Volume": 289760512,
        "Close of Quarter": 27.8,
        "EPS": 1929.4,
        "Non-adjusted EPS": 3128,
        "PE": 8.9,
        "Book Price": 9.4
      }
    },
    {
      "quarter": "Q4 2010",
      "income status": {
        "Net sales": 172596,
        "Cost of goods sold": 100239,
        "Gross Profit": 72357,
        "Financial expenses": 76678,
        "Of which: Interest expense": 57328,
        "Cost of sales": 9771,
        "Enterprise cost management": 10291,
        "Total Operating Expenses": 96740,
        "Total revenue financing activities": 36215,
        "Net profit from business activities": 11831,
        "Profit": 377027,
        "Profit before tax": 383338,
        "Present corporate income tax expenses": 7486,
        "Deferred income taxes expenses": -13234,
        "The interests of minority shareholders": 9138,
        "Total Cost of profits": 3390,
        "Profit after tax corporate income": 379948,
        "Volume": 289760512,
        "Close of Quarter": 34,
        "EPS": 2358.7,
        "Non-adjusted EPS": 3824,
        "PE": 8.9,
        "Book Price": 9.4
      }
    },
    {
      "quarter": "Q3 2010",
      "income status": {
        "Net sales": 6122,
        "Cost of goods sold": 1675,
        "Gross Profit": 4447,
        "Financial expenses": 63470,
        "Of which: Interest expense": 58844,
        "Cost of sales": 5,
        "Enterprise cost management": 41740,
        "Total Operating Expenses": 105215,
        "Total revenue financing activities": 336366,
        "Net profit from business activities": 235597,
        "Profit": -11,
        "Profit before tax": 236446,
        "Present corporate income tax expenses": 30246,
        "Deferred income taxes expenses": "N/A",
        "The interests of minority shareholders": -1491,
        "Total Cost of profits": 28755,
        "Profit after tax corporate income": 207691,
        "Volume": 289760512,
        "Close of Quarter": 32,
        "EPS": 2168.1,
        "Non-adjusted EPS": 3515,
        "PE": 9.1,
        "Book Price": 8.6
      }
    },
    {
      "quarter": "Q2 2010",
      "income status": {
        "Net sales": 171967,
        "Cost of goods sold": 88794,
        "Gross Profit": 83173,
        "Financial expenses": 74552,
        "Of which: Interest expense": 96169,
        "Cost of sales": 4167,
        "Enterprise cost management": 15486,
        "Total Operating Expenses": 94205,
        "Total revenue financing activities": 372941,
        "Net profit from business activities": 361909,
        "Profit": 52,
        "Profit before tax": 366313,
        "Present corporate income tax expenses": 92113,
        "Deferred income taxes expenses": "N/A",
        "The interests of minority shareholders": 6788,
        "Total Cost of profits": 98901,
        "Profit after tax corporate income": 267412,
        "Volume": 193173676,
        "Close of Quarter": 36.4,
        "EPS": 2073.4,
        "Non-adjusted EPS": 5042,
        "PE": 7.2,
        "Book Price": 8.2
      }
    },
    {
      "quarter": "Q1 2010",
      "income status": {
        "Net sales": 564055,
        "Cost of goods sold": 206664,
        "Gross Profit": 357391,
        "Financial expenses": 22988,
        "Of which: Interest expense": "N/A",
        "Cost of sales": "N/A",
        "Enterprise cost management": 25770,
        "Total Operating Expenses": 48758,
        "Total revenue financing activities": 6092,
        "Net profit from business activities": 314726,
        "Profit": 54,
        "Profit before tax": 314400,
        "Present corporate income tax expenses": 61442,
        "Deferred income taxes expenses": "N/A",
        "The interests of minority shareholders": -85,
        "Total Cost of profits": 61357,
        "Profit after tax corporate income": 253043,
        "Volume": 193173676,
        "Close of Quarter": 38.7,
        "EPS": 1974.3,
        "Non-adjusted EPS": 4801,
        "PE": 8.1,
        "Book Price": 7.6
      }
    },
    {
      "quarter": "Q4 2009",
      "income status": {
        "Net sales": 419806,
        "Cost of goods sold": 156016,
        "Gross Profit": 263790,
        "Financial expenses": 43758,
        "Of which: Interest expense": 12811,
        "Cost of sales": "N/A",
        "Enterprise cost management": 24570,
        "Total Operating Expenses": 68328,
        "Total revenue financing activities": 149021,
        "Net profit from business activities": 344483,
        "Profit": 998,
        "Profit before tax": 345185,
        "Present corporate income tax expenses": 49497,
        "Deferred income taxes expenses": "N/A",
        "The interests of minority shareholders": 5200,
        "Total Cost of profits": 54697,
        "Profit after tax corporate income": 290488,
        "Volume": 193173676,
        "Close of Quarter": 38.7,
        "EPS": 1308.1,
        "Non-adjusted EPS": 3181,
        "PE": 12.2,
        "Book Price": 7.0
      }
    },
    {
      "quarter": "Q3 2009",
      "income status": {
        "Net sales": 302509,
        "Cost of goods sold": 127344,
        "Gross Profit": 175165,
        "Financial expenses": 19702,
        "Of which: Interest expense": 17694,
        "Cost of sales": "N/A",
        "Enterprise cost management": 18820,
        "Total Operating Expenses": 38522,
        "Total revenue financing activities": 53678,
        "Net profit from business activities": 190321,
        "Profit": 3,
        "Profit before tax": 190233,
        "Present corporate income tax expenses": 11782,
        "Deferred income taxes expenses": "N/A",
        "The interests of minority shareholders": 15396,
        "Total Cost of profits": 27178,
        "Profit after tax corporate income": 163056,
        "Volume": 195123676,
        "Close of Quarter": 33.7,
        "EPS": 286.6,
        "Non-adjusted EPS": 690,
        "PE": 48.8,
        "Book Price": 6.3
      }
    },
    {
      "quarter": "Q2 2009",
      "income status": {
        "Net sales": 185202,
        "Cost of goods sold": 90254,
        "Gross Profit": 94948,
        "Financial expenses": 5846,
        "Of which: Interest expense": 1365,
        "Cost of sales": "N/A",
        "Enterprise cost management": 6270,
        "Total Operating Expenses": 12116,
        "Total revenue financing activities": 152348,
        "Net profit from business activities": 235181,
        "Profit": -150,
        "Profit before tax": 235031,
        "Present corporate income tax expenses": 6931,
        "Deferred income taxes expenses": "N/A",
        "The interests of minority shareholders": 7268,
        "Total Cost of profits": 14199,
        "Profit after tax corporate income": 220832,
        "Volume": 130082346,
        "Close of Quarter": 20.6,
        "EPS": 317.3,
        "Non-adjusted EPS": 1146,
        "PE": 18.0,
        "Book Price": 6.2
      }
    },
    {
      "quarter": "Q1 2009",
      "income status": {
        "Net sales": 142174,
        "Cost of goods sold": 59339,
        "Gross Profit": 82835,
        "Financial expenses": 123063,
        "Of which: Interest expense": 6034,
        "Cost of sales": "N/A",
        "Enterprise cost management": 5131,
        "Total Operating Expenses": 128194,
        "Total revenue financing activities": 636,
        "Net profit from business activities": -44723,
        "Profit": 200,
        "Profit before tax": -44523,
        "Present corporate income tax expenses": 15393,
        "Deferred income taxes expenses": "N/A",
        "The interests of minority shareholders": "N/A",
        "Total Cost of profits": 15393,
        "Profit after tax corporate income": -59916,
        "Volume": 130082346,
        "Close of Quarter": 18.1,
        "EPS": 166.7,
        "Non-adjusted EPS": 602,
        "PE": 30.1,
        "Book Price": 5.7
      }
    },
    {
      "quarter": "Q4 2008",
      "income status": {
        "Net sales": -396267,
        "Cost of goods sold": -117662,
        "Gross Profit": -278606,
        "Financial expenses": 67594,
        "Of which: Interest expense": "N/A",
        "Cost of sales": "N/A",
        "Enterprise cost management": 5028,
        "Total Operating Expenses": 72622,
        "Total revenue financing activities": 16102,
        "Net profit from business activities": -335125,
        "Profit": 450,
        "Profit before tax": -334675,
        "Present corporate income tax expenses": -145354,
        "Deferred income taxes expenses": "N/A",
        "The interests of minority shareholders": "N/A",
        "Total Cost of profits": -145354,
        "Profit after tax corporate income": -189320,
        "Volume": 130082346,
        "Close of Quarter": 26.6,
        "EPS": 581.2,
        "Non-adjusted EPS": 2099,
        "PE": 12.7,
        "Book Price": 5.8
      }
    },
    {
      "quarter": "Q3 2008",
      "income status": {
        "Net sales": 405855,
        "Cost of goods sold": 134507,
        "Gross Profit": 271348,
        "Financial expenses": 8158,
        "Of which: Interest expense": "N/A",
        "Cost of sales": "N/A",
        "Enterprise cost management": 5448,
        "Total Operating Expenses": 13606,
        "Total revenue financing activities": 33310,
        "Net profit from business activities": 291051,
        "Profit": 2,
        "Profit before tax": 291053,
        "Present corporate income tax expenses": 113524,
        "Deferred income taxes expenses": "N/A",
        "The interests of minority shareholders": "N/A",
        "Total Cost of profits": 113524,
        "Profit after tax corporate income": 177528,
        "Volume": 130082346,
        "Close of Quarter": 34.8,
        "EPS": 1403.1,
        "Non-adjusted EPS": 5067,
        "PE": 6.9,
        "Book Price": 6.2
      }
    },
    {
      "quarter": "Q2 2008",
      "income status": {
        "Net sales": 402241,
        "Cost of goods sold": 132330,
        "Gross Profit": 269911,
        "Financial expenses": 4788,
        "Of which: Interest expense": "N/A",
        "Cost of sales": "N/A",
        "Enterprise cost management": 16254,
        "Total Operating Expenses": 21042,
        "Total revenue financing activities": 4134,
        "Net profit from business activities": 253003,
        "Profit": 70,
        "Profit before tax": 253073,
        "Present corporate income tax expenses": 103021,
        "Deferred income taxes expenses": "N/A",
        "The interests of minority shareholders": "N/A",
        "Total Cost of profits": 103021,
        "Profit after tax corporate income": 150052,
        "Volume": 86721345,
        "Close of Quarter": 45.8,
        "EPS": 1025.1,
        "Non-adjusted EPS": 5553,
        "PE": 8.2,
        "Book Price": 5.8
      }
    },
    {
      "quarter": "Q1 2008",
      "income status": {
        "Net sales": 358057,
        "Cost of goods sold": 120300,
        "Gross Profit": 237757,
        "Financial expenses": 3831,
        "Of which: Interest expense": 3263,
        "Cost of sales": "N/A",
        "Enterprise cost management": 8390,
        "Total Operating Expenses": 12221,
        "Total revenue financing activities": 2685,
        "Net profit from business activities": 228221,
        "Profit": "N/A",
        "Profit before tax": 228221,
        "Present corporate income tax expenses": 93408,
        "Deferred income taxes expenses": "N/A",
        "The interests of minority shareholders": "N/A",
        "Total Cost of profits": 93408,
        "Profit after tax corporate income": 134813,
        "Volume": 83999345,
        "Close of Quarter": 52.2,
        "EPS": 705.8,
        "Non-adjusted EPS": 3947,
        "PE": 13.2,
        "Book Price": 4.9
      }
    },
    {
      "quarter": "Q4 2007",
      "income status": {
        "Net sales": 220796,
        "Cost of goods sold": 77457,
        "Gross Profit": 143339,
        "Financial expenses": 21737,
        "Of which: Interest expense": 21575,
        "Cost of sales": "N/A",
        "Enterprise cost management": 6546,
        "Total Operating Expenses": 28283,
        "Total revenue financing activities": 130026,
        "Net profit from business activities": 245081,
        "Profit": 19440,
        "Profit before tax": 264521,
        "Present corporate income tax expenses": 67808,
        "Deferred income taxes expenses": "N/A",
        "The interests of minority shareholders": "N/A",
        "Total Cost of profits": 67808,
        "Profit after tax corporate income": 196713,
        "Volume": 83999345,
        "Close of Quarter": 57.8,
        "EPS": 418.8,
        "Non-adjusted EPS": 2342,
        "PE": 24.7,
        "Book Price": 4.6
      }
    }
  ]
}