{
  "ticker": "KBE",
  "data": [
    {
      "quarter": "Q1 2017",
      "income status": {
        "Net sales": 10029,
        "Cost of goods sold": 7290,
        "Gross Profit": 2739,
        "Financial expenses": 129,
        "Of which: Interest expense": 129,
        "Cost of sales": 1641,
        "Enterprise cost management": 682,
        "Total Operating Expenses": 2452,
        "Total revenue financing activities": 1,
        "Net profit from business activities": 289,
        "Profit": 72,
        "Profit before tax": 361,
        "Present corporate income tax expenses": 63,
        "Deferred income taxes expenses": "N/A",
        "The interests of minority shareholders": "N/A",
        "Total Cost of profits": 63,
        "Profit after tax corporate income": 298,
        "Volume": 1231060,
        "Close of Quarter": 17.2,
        "EPS": 2517,
        "Non-adjusted EPS": 2517,
        "PE": 6.8,
        "Book Price": 16.1
      }
    },
    {
      "quarter": "Q4 2016",
      "income status": {
        "Net sales": 10678,
        "Cost of goods sold": 9806,
        "Gross Profit": 872,
        "Financial expenses": 185,
        "Of which: Interest expense": 149,
        "Cost of sales": -709,
        "Enterprise cost management": 1075,
        "Total Operating Expenses": 551,
        "Total revenue financing activities": 3,
        "Net profit from business activities": 324,
        "Profit": 56,
        "Profit before tax": 380,
        "Present corporate income tax expenses": 69,
        "Deferred income taxes expenses": "N/A",
        "The interests of minority shareholders": "N/A",
        "Total Cost of profits": 69,
        "Profit after tax corporate income": 311,
        "Volume": 1231060,
        "Close of Quarter": 12.3,
        "EPS": 2503,
        "Non-adjusted EPS": 2503,
        "PE": 4.9,
        "Book Price": 16.7
      }
    },
    {
      "quarter": "Q3 2016",
      "income status": {
        "Net sales": 54735,
        "Cost of goods sold": 41842,
        "Gross Profit": 12893,
        "Financial expenses": 210,
        "Of which: Interest expense": 210,
        "Cost of sales": 9196,
        "Enterprise cost management": 1279,
        "Total Operating Expenses": 10685,
        "Total revenue financing activities": 2,
        "Net profit from business activities": 2209,
        "Profit": 23,
        "Profit before tax": 2232,
        "Present corporate income tax expenses": 303,
        "Deferred income taxes expenses": "N/A",
        "The interests of minority shareholders": "N/A",
        "Total Cost of profits": 303,
        "Profit after tax corporate income": 1929,
        "Volume": 1231060,
        "Close of Quarter": 12.3,
        "EPS": 2576,
        "Non-adjusted EPS": 2576,
        "PE": 4.8,
        "Book Price": 16.9
      }
    },
    {
      "quarter": "Q2 2016",
      "income status": {
        "Net sales": 25282,
        "Cost of goods sold": 20234,
        "Gross Profit": 5049,
        "Financial expenses": 263,
        "Of which: Interest expense": 263,
        "Cost of sales": 3406,
        "Enterprise cost management": 916,
        "Total Operating Expenses": 4585,
        "Total revenue financing activities": 105,
        "Net profit from business activities": 569,
        "Profit": 66,
        "Profit before tax": 635,
        "Present corporate income tax expenses": 75,
        "Deferred income taxes expenses": "N/A",
        "The interests of minority shareholders": "N/A",
        "Total Cost of profits": 75,
        "Profit after tax corporate income": 560,
        "Volume": 1231060,
        "Close of Quarter": 12.3,
        "EPS": 2308,
        "Non-adjusted EPS": 2308,
        "PE": 5.3,
        "Book Price": 15.6
      }
    },
    {
      "quarter": "Q1 2016",
      "income status": {
        "Net sales": 10894,
        "Cost of goods sold": 7838,
        "Gross Profit": 3056,
        "Financial expenses": 159,
        "Of which: Interest expense": 159,
        "Cost of sales": 1840,
        "Enterprise cost management": 747,
        "Total Operating Expenses": 2746,
        "Total revenue financing activities": 2,
        "Net profit from business activities": 313,
        "Profit": 26,
        "Profit before tax": 338,
        "Present corporate income tax expenses": 57,
        "Deferred income taxes expenses": "N/A",
        "The interests of minority shareholders": "N/A",
        "Total Cost of profits": 57,
        "Profit after tax corporate income": 281,
        "Volume": 1231060,
        "Close of Quarter": 11.4,
        "EPS": 2168,
        "Non-adjusted EPS": 2168,
        "PE": 5.3,
        "Book Price": 16
      }
    },
    {
      "quarter": "Q4 2015",
      "income status": {
        "Net sales": 16424,
        "Cost of goods sold": 12537,
        "Gross Profit": 3886,
        "Financial expenses": 159,
        "Of which: Interest expense": 140,
        "Cost of sales": 2457,
        "Enterprise cost management": 985,
        "Total Operating Expenses": 3601,
        "Total revenue financing activities": 5,
        "Net profit from business activities": 291,
        "Profit": 214,
        "Profit before tax": 505,
        "Present corporate income tax expenses": 104,
        "Deferred income taxes expenses": "N/A",
        "The interests of minority shareholders": "N/A",
        "Total Cost of profits": 104,
        "Profit after tax corporate income": 401,
        "Volume": 1231060,
        "Close of Quarter": 8.6,
        "EPS": 2184,
        "Non-adjusted EPS": 2184,
        "PE": 3.9,
        "Book Price": 16.7
      }
    },
    {
      "quarter": "Q3 2015",
      "income status": {
        "Net sales": 51404,
        "Cost of goods sold": 39150,
        "Gross Profit": 12254,
        "Financial expenses": 138,
        "Of which: Interest expense": 138,
        "Cost of sales": 9120,
        "Enterprise cost management": 1155,
        "Total Operating Expenses": 10413,
        "Total revenue financing activities": 1,
        "Net profit from business activities": 1842,
        "Profit": 32,
        "Profit before tax": 1874,
        "Present corporate income tax expenses": 276,
        "Deferred income taxes expenses": "N/A",
        "The interests of minority shareholders": "N/A",
        "Total Cost of profits": 276,
        "Profit after tax corporate income": 1599,
        "Volume": 1231060,
        "Close of Quarter": 8.6,
        "EPS": 2249,
        "Non-adjusted EPS": 2249,
        "PE": 3.8,
        "Book Price": 16.2
      }
    },
    {
      "quarter": "Q2 2015",
      "income status": {
        "Net sales": 21724,
        "Cost of goods sold": 17532,
        "Gross Profit": 4192,
        "Financial expenses": 209,
        "Of which: Interest expense": 204,
        "Cost of sales": 2740,
        "Enterprise cost management": 851,
        "Total Operating Expenses": 3800,
        "Total revenue financing activities": 36,
        "Net profit from business activities": 427,
        "Profit": 17,
        "Profit before tax": 445,
        "Present corporate income tax expenses": 56,
        "Deferred income taxes expenses": "N/A",
        "The interests of minority shareholders": "N/A",
        "Total Cost of profits": 56,
        "Profit after tax corporate income": 388,
        "Volume": 1231060,
        "Close of Quarter": 3.9,
        "EPS": 2269,
        "Non-adjusted EPS": 2269,
        "PE": 1.7,
        "Book Price": 15.1
      }
    },
    {
      "quarter": "Q1 2015",
      "income status": {
        "Net sales": 12182,
        "Cost of goods sold": 9222,
        "Gross Profit": 2960,
        "Financial expenses": 152,
        "Of which: Interest expense": 152,
        "Cost of sales": 1847,
        "Enterprise cost management": 693,
        "Total Operating Expenses": 2692,
        "Total revenue financing activities": 42,
        "Net profit from business activities": 309,
        "Profit": 54,
        "Profit before tax": 363,
        "Present corporate income tax expenses": 62,
        "Deferred income taxes expenses": "N/A",
        "The interests of minority shareholders": "N/A",
        "Total Cost of profits": 62,
        "Profit after tax corporate income": 301,
        "Volume": 1231060,
        "Close of Quarter": 3.9,
        "EPS": 2367,
        "Non-adjusted EPS": 2367,
        "PE": 1.6,
        "Book Price": 15.8
      }
    },
    {
      "quarter": "Q4 2014",
      "income status": {
        "Net sales": 20863,
        "Cost of goods sold": 15403,
        "Gross Profit": 5459,
        "Financial expenses": 139,
        "Of which: Interest expense": 75,
        "Cost of sales": 4155,
        "Enterprise cost management": 597,
        "Total Operating Expenses": 4891,
        "Total revenue financing activities": 3,
        "Net profit from business activities": 571,
        "Profit": 25,
        "Profit before tax": 596,
        "Present corporate income tax expenses": 115,
        "Deferred income taxes expenses": "N/A",
        "The interests of minority shareholders": "N/A",
        "Total Cost of profits": 115,
        "Profit after tax corporate income": 481,
        "Volume": 1231060,
        "Close of Quarter": 3.9,
        "EPS": 2443,
        "Non-adjusted EPS": 2443,
        "PE": 1.6,
        "Book Price": 15.7
      }
    },
    {
      "quarter": "Q3 2014",
      "income status": {
        "Net sales": 45315,
        "Cost of goods sold": 34404,
        "Gross Profit": 10911,
        "Financial expenses": 83,
        "Of which: Interest expense": 83,
        "Cost of sales": 7046,
        "Enterprise cost management": 1899,
        "Total Operating Expenses": 9028,
        "Total revenue financing activities": 4,
        "Net profit from business activities": 1888,
        "Profit": 27,
        "Profit before tax": 1915,
        "Present corporate income tax expenses": 291,
        "Deferred income taxes expenses": "N/A",
        "The interests of minority shareholders": "N/A",
        "Total Cost of profits": 291,
        "Profit after tax corporate income": 1623,
        "Volume": 1231060,
        "Close of Quarter": 2.8,
        "EPS": 2456,
        "Non-adjusted EPS": 2456,
        "PE": 1.1,
        "Book Price": 16.3
      }
    },
    {
      "quarter": "Q2 2014",
      "income status": {
        "Net sales": 23645,
        "Cost of goods sold": 19181,
        "Gross Profit": 4464,
        "Financial expenses": 140,
        "Of which: Interest expense": 140,
        "Cost of sales": 2921,
        "Enterprise cost management": 881,
        "Total Operating Expenses": 3942,
        "Total revenue financing activities": 52,
        "Net profit from business activities": 573,
        "Profit": 6,
        "Profit before tax": 579,
        "Present corporate income tax expenses": 70,
        "Deferred income taxes expenses": "N/A",
        "The interests of minority shareholders": "N/A",
        "Total Cost of profits": 70,
        "Profit after tax corporate income": 509,
        "Volume": 1231060,
        "Close of Quarter": 2.8,
        "EPS": 2335,
        "Non-adjusted EPS": 2335,
        "PE": 1.2,
        "Book Price": 15.2
      }
    },
    {
      "quarter": "Q1 2014",
      "income status": {
        "Net sales": 10698,
        "Cost of goods sold": 7909,
        "Gross Profit": 2790,
        "Financial expenses": 72,
        "Of which: Interest expense": 72,
        "Cost of sales": 1776,
        "Enterprise cost management": 660,
        "Total Operating Expenses": 2508,
        "Total revenue financing activities": 1,
        "Net profit from business activities": 283,
        "Profit": 211,
        "Profit before tax": 494,
        "Present corporate income tax expenses": 99,
        "Deferred income taxes expenses": "N/A",
        "The interests of minority shareholders": "N/A",
        "Total Cost of profits": 99,
        "Profit after tax corporate income": 395,
        "Volume": 1231060,
        "Close of Quarter": 2.8,
        "EPS": 1922,
        "Non-adjusted EPS": 1922,
        "PE": 1.5,
        "Book Price": 15.9
      }
    },
    {
      "quarter": "Q4 2013",
      "income status": {
        "Net sales": 19169,
        "Cost of goods sold": 14760,
        "Gross Profit": 4409,
        "Financial expenses": -113,
        "Of which: Interest expense": 15,
        "Cost of sales": 3691,
        "Enterprise cost management": 234,
        "Total Operating Expenses": 3812,
        "Total revenue financing activities": 2,
        "Net profit from business activities": 598,
        "Profit": 35,
        "Profit before tax": 634,
        "Present corporate income tax expenses": 138,
        "Deferred income taxes expenses": "N/A",
        "The interests of minority shareholders": "N/A",
        "Total Cost of profits": 138,
        "Profit after tax corporate income": 496,
        "Volume": 1231060,
        "Close of Quarter": 2.4,
        "EPS": 1601,
        "Non-adjusted EPS": 1601,
        "PE": 1.5,
        "Book Price": 15.9
      }
    },
    {
      "quarter": "Q3 2013",
      "income status": {
        "Net sales": 34887,
        "Cost of goods sold": 26441,
        "Gross Profit": 8446,
        "Financial expenses": 136,
        "Of which: Interest expense": 136,
        "Cost of sales": 4530,
        "Enterprise cost management": 2036,
        "Total Operating Expenses": 6702,
        "Total revenue financing activities": 3,
        "Net profit from business activities": 1748,
        "Profit": 41,
        "Profit before tax": 1789,
        "Present corporate income tax expenses": 313,
        "Deferred income taxes expenses": "N/A",
        "The interests of minority shareholders": "N/A",
        "Total Cost of profits": 313,
        "Profit after tax corporate income": 1475,
        "Volume": 1231060,
        "Close of Quarter": 1.9,
        "EPS": 1198,
        "Non-adjusted EPS": 1198,
        "PE": 1.6,
        "Book Price": 16.1
      }
    }
  ]
}