{
  "ticker": "VCF",
  "data": [
    {
      "quarter": "Q1 2017",
      "income status": {
        "Net sales": 419405,
        "Cost of goods sold": 278838,
        "Gross Profit": 140567,
        "Financial expenses": 1652,
        "Of which: Interest expense": 1250,
        "Cost of sales": 167439,
        "Enterprise cost management": 28692,
        "Total Operating Expenses": 197783,
        "Total revenue financing activities": 19432,
        "Net profit from business activities": -37784,
        "Profit": 78,
        "Profit before tax": -37705,
        "Present corporate income tax expenses": "N/A",
        "Deferred income taxes expenses": 30,
        "The interests of minority shareholders": -686,
        "Total Cost of profits": -656,
        "Profit after tax corporate income": -37049,
        "Volume": 26579135,
        "Close of Quarter": 170,
        "EPS": 13134,
        "Non-adjusted EPS": 13134,
        "PE": 12.9,
        "Book Price": 79.5
      }
    },
    {
      "quarter": "Q4 2016",
      "income status": {
        "Net sales": 1293988,
        "Cost of goods sold": 789379,
        "Gross Profit": 504609,
        "Financial expenses": 3244,
        "Of which: Interest expense": 2889,
        "Cost of sales": 216748,
        "Enterprise cost management": 33097,
        "Total Operating Expenses": 253089,
        "Total revenue financing activities": 20179,
        "Net profit from business activities": 271699,
        "Profit": 329,
        "Profit before tax": 272029,
        "Present corporate income tax expenses": 47844,
        "Deferred income taxes expenses": -2705,
        "The interests of minority shareholders": -1370,
        "Total Cost of profits": 43769,
        "Profit after tax corporate income": 228259,
        "Volume": 26579135,
        "Close of Quarter": 178,
        "EPS": 14450,
        "Non-adjusted EPS": 14450,
        "PE": 12.3,
        "Book Price": 80.9
      }
    },
    {
      "quarter": "Q3 2016",
      "income status": {
        "Net sales": 818716,
        "Cost of goods sold": 500884,
        "Gross Profit": 317832,
        "Financial expenses": 4944,
        "Of which: Interest expense": "N/A",
        "Cost of sales": 183377,
        "Enterprise cost management": 22578,
        "Total Operating Expenses": 210899,
        "Total revenue financing activities": 18504,
        "Net profit from business activities": 125436,
        "Profit": -15,
        "Profit before tax": 125421,
        "Present corporate income tax expenses": 18459,
        "Deferred income taxes expenses": 1731,
        "The interests of minority shareholders": -1246,
        "Total Cost of profits": 18944,
        "Profit after tax corporate income": 106477,
        "Volume": 26579135,
        "Close of Quarter": 147,
        "EPS": 13549,
        "Non-adjusted EPS": 13549,
        "PE": 10.9,
        "Book Price": 72.4
      }
    },
    {
      "quarter": "Q2 2016",
      "income status": {
        "Net sales": 752881,
        "Cost of goods sold": 504808,
        "Gross Profit": 248073,
        "Financial expenses": 2516,
        "Of which: Interest expense": 3226,
        "Cost of sales": 185342,
        "Enterprise cost management": 21645,
        "Total Operating Expenses": 209503,
        "Total revenue financing activities": 19496,
        "Net profit from business activities": 58066,
        "Profit": -88,
        "Profit before tax": 57978,
        "Present corporate income tax expenses": 14286,
        "Deferred income taxes expenses": -7203,
        "The interests of minority shareholders": -506,
        "Total Cost of profits": 6577,
        "Profit after tax corporate income": 51400,
        "Volume": 26579135,
        "Close of Quarter": 142,
        "EPS": 11322,
        "Non-adjusted EPS": 11322,
        "PE": 12.5,
        "Book Price": 68.4
      }
    },
    {
      "quarter": "Q1 2016",
      "income status": {
        "Net sales": 444139,
        "Cost of goods sold": 316864,
        "Gross Profit": 127275,
        "Financial expenses": 2802,
        "Of which: Interest expense": 2018,
        "Cost of sales": 122992,
        "Enterprise cost management": 15645,
        "Total Operating Expenses": 141439,
        "Total revenue financing activities": 14580,
        "Net profit from business activities": 416,
        "Profit": -521,
        "Profit before tax": -105,
        "Present corporate income tax expenses": 361,
        "Deferred income taxes expenses": 1600,
        "The interests of minority shareholders": "N/A",
        "Total Cost of profits": 1961,
        "Profit after tax corporate income": -2066,
        "Volume": 26579135,
        "Close of Quarter": 165,
        "EPS": 10825,
        "Non-adjusted EPS": 10825,
        "PE": 15.2,
        "Book Price": 66.4
      }
    },
    {
      "quarter": "Q4 2015",
      "income status": {
        "Net sales": 1262950,
        "Cost of goods sold": 817900,
        "Gross Profit": 445050,
        "Financial expenses": 5845,
        "Of which: Interest expense": 2561,
        "Cost of sales": 206263,
        "Enterprise cost management": 23369,
        "Total Operating Expenses": 235477,
        "Total revenue financing activities": 12727,
        "Net profit from business activities": 222301,
        "Profit": 191,
        "Profit before tax": 222491,
        "Present corporate income tax expenses": 20523,
        "Deferred income taxes expenses": -2333,
        "The interests of minority shareholders": "N/A",
        "Total Cost of profits": 18190,
        "Profit after tax corporate income": 204301,
        "Volume": 26579135,
        "Close of Quarter": 136,
        "EPS": 11112,
        "Non-adjusted EPS": 11112,
        "PE": 12.2,
        "Book Price": 66.5
      }
    },
    {
      "quarter": "Q3 2015",
      "income status": {
        "Net sales": 648480,
        "Cost of goods sold": 419380,
        "Gross Profit": 229100,
        "Financial expenses": 88,
        "Of which: Interest expense": 2504,
        "Cost of sales": 167717,
        "Enterprise cost management": 18747,
        "Total Operating Expenses": 186552,
        "Total revenue financing activities": 11868,
        "Net profit from business activities": 54416,
        "Profit": 57,
        "Profit before tax": 54473,
        "Present corporate income tax expenses": 520,
        "Deferred income taxes expenses": 6655,
        "The interests of minority shareholders": "N/A",
        "Total Cost of profits": 7175,
        "Profit after tax corporate income": 47297,
        "Volume": 26579135,
        "Close of Quarter": 180,
        "EPS": 8918,
        "Non-adjusted EPS": 8918,
        "PE": 20.2,
        "Book Price": 58.9
      }
    },
    {
      "quarter": "Q2 2015",
      "income status": {
        "Net sales": 615769,
        "Cost of goods sold": 366771,
        "Gross Profit": 248998,
        "Financial expenses": 10934,
        "Of which: Interest expense": 1873,
        "Cost of sales": 198183,
        "Enterprise cost management": 23298,
        "Total Operating Expenses": 232415,
        "Total revenue financing activities": 10705,
        "Net profit from business activities": 27289,
        "Profit": -70,
        "Profit before tax": 27219,
        "Present corporate income tax expenses": 4006,
        "Deferred income taxes expenses": -14977,
        "The interests of minority shareholders": "N/A",
        "Total Cost of profits": -10971,
        "Profit after tax corporate income": 38189,
        "Volume": 26579135,
        "Close of Quarter": 175,
        "EPS": 10567,
        "Non-adjusted EPS": 10567,
        "PE": 16.6,
        "Book Price": 57.1
      }
    },
    {
      "quarter": "Q1 2015",
      "income status": {
        "Net sales": 472470,
        "Cost of goods sold": 380200,
        "Gross Profit": 92271,
        "Financial expenses": 8052,
        "Of which: Interest expense": 4851,
        "Cost of sales": 78788,
        "Enterprise cost management": 11786,
        "Total Operating Expenses": 98626,
        "Total revenue financing activities": 12890,
        "Net profit from business activities": 6534,
        "Profit": 10,
        "Profit before tax": 6544,
        "Present corporate income tax expenses": 982,
        "Deferred income taxes expenses": "N/A",
        "The interests of minority shareholders": "N/A",
        "Total Cost of profits": 982,
        "Profit after tax corporate income": 5563,
        "Volume": 26579135,
        "Close of Quarter": 210,
        "EPS": 12253,
        "Non-adjusted EPS": 12253,
        "PE": 17.1,
        "Book Price": 55.7
      }
    },
    {
      "quarter": "Q4 2014",
      "income status": {
        "Net sales": 1046985,
        "Cost of goods sold": 665595,
        "Gross Profit": 381390,
        "Financial expenses": 5706,
        "Of which: Interest expense": 4616,
        "Cost of sales": 162947,
        "Enterprise cost management": 63450,
        "Total Operating Expenses": 232103,
        "Total revenue financing activities": 11133,
        "Net profit from business activities": 160420,
        "Profit": -710,
        "Profit before tax": 159710,
        "Present corporate income tax expenses": -10616,
        "Deferred income taxes expenses": 24333,
        "The interests of minority shareholders": "N/A",
        "Total Cost of profits": 13717,
        "Profit after tax corporate income": 145993,
        "Volume": 26579135,
        "Close of Quarter": 173,
        "EPS": 15101,
        "Non-adjusted EPS": 15101,
        "PE": 11.5,
        "Book Price": 55.6
      }
    },
    {
      "quarter": "Q3 2014",
      "income status": {
        "Net sales": 709873,
        "Cost of goods sold": 454405,
        "Gross Profit": 255467,
        "Financial expenses": 2189,
        "Of which: Interest expense": 1687,
        "Cost of sales": 158882,
        "Enterprise cost management": 11645,
        "Total Operating Expenses": 172716,
        "Total revenue financing activities": 12818,
        "Net profit from business activities": 95568,
        "Profit": 1675,
        "Profit before tax": 97243,
        "Present corporate income tax expenses": 5854,
        "Deferred income taxes expenses": 274,
        "The interests of minority shareholders": "N/A",
        "Total Cost of profits": 6128,
        "Profit after tax corporate income": 91114,
        "Volume": 26579135,
        "Close of Quarter": 195,
        "EPS": 15084,
        "Non-adjusted EPS": 15084,
        "PE": 12.9,
        "Book Price": 50.1
      }
    },
    {
      "quarter": "Q2 2014",
      "income status": {
        "Net sales": 765718,
        "Cost of goods sold": 503676,
        "Gross Profit": 262042,
        "Financial expenses": 778,
        "Of which: Interest expense": 603,
        "Cost of sales": 193861,
        "Enterprise cost management": 9960,
        "Total Operating Expenses": 204599,
        "Total revenue financing activities": 16368,
        "Net profit from business activities": 73811,
        "Profit": 3890,
        "Profit before tax": 77700,
        "Present corporate income tax expenses": 22416,
        "Deferred income taxes expenses": -27727,
        "The interests of minority shareholders": "N/A",
        "Total Cost of profits": -5311,
        "Profit after tax corporate income": 83011,
        "Volume": 26579135,
        "Close of Quarter": 180,
        "EPS": 14006,
        "Non-adjusted EPS": 14006,
        "PE": 12.9,
        "Book Price": 46.7
      }
    },
    {
      "quarter": "Q1 2014",
      "income status": {
        "Net sales": 451468,
        "Cost of goods sold": 285771,
        "Gross Profit": 165697,
        "Financial expenses": 2416,
        "Of which: Interest expense": 2344,
        "Cost of sales": 88323,
        "Enterprise cost management": 14225,
        "Total Operating Expenses": 104964,
        "Total revenue financing activities": 20216,
        "Net profit from business activities": 80949,
        "Profit": 4735,
        "Profit before tax": 85685,
        "Present corporate income tax expenses": 8266,
        "Deferred income taxes expenses": -3835,
        "The interests of minority shareholders": "N/A",
        "Total Cost of profits": 4431,
        "Profit after tax corporate income": 81254,
        "Volume": 26579135,
        "Close of Quarter": 143.8,
        "EPS": 11516,
        "Non-adjusted EPS": 11516,
        "PE": 12.5,
        "Book Price": 45.7
      }
    },
    {
      "quarter": "Q4 2013",
      "income status": {
        "Net sales": 862293,
        "Cost of goods sold": 579011,
        "Gross Profit": 283282,
        "Financial expenses": 3462,
        "Of which: Interest expense": 3082,
        "Cost of sales": 115926,
        "Enterprise cost management": 12128,
        "Total Operating Expenses": 131516,
        "Total revenue financing activities": 8828,
        "Net profit from business activities": 160593,
        "Profit": 1380,
        "Profit before tax": 161974,
        "Present corporate income tax expenses": 21196,
        "Deferred income taxes expenses": -4762,
        "The interests of minority shareholders": "N/A",
        "Total Cost of profits": 16434,
        "Profit after tax corporate income": 145539,
        "Volume": 26579135,
        "Close of Quarter": 134.9,
        "EPS": 9797,
        "Non-adjusted EPS": 9797,
        "PE": 13.8,
        "Book Price": 42.7
      }
    },
    {
      "quarter": "Q3 2013",
      "income status": {
        "Net sales": 593120,
        "Cost of goods sold": 418396,
        "Gross Profit": 174724,
        "Financial expenses": 529,
        "Of which: Interest expense": 129,
        "Cost of sales": 104158,
        "Enterprise cost management": 6566,
        "Total Operating Expenses": 111253,
        "Total revenue financing activities": 2368,
        "Net profit from business activities": 65838,
        "Profit": 2024,
        "Profit before tax": 67862,
        "Present corporate income tax expenses": 5411,
        "Deferred income taxes expenses": "N/A",
        "The interests of minority shareholders": "N/A",
        "Total Cost of profits": 5411,
        "Profit after tax corporate income": 62451,
        "Volume": 26579135,
        "Close of Quarter": 166.6,
        "EPS": 10027,
        "Non-adjusted EPS": 10027,
        "PE": 16.6,
        "Book Price": 38
      }
    },
    {
      "quarter": "Q2 2013",
      "income status": {
        "Net sales": 426776,
        "Cost of goods sold": 308917,
        "Gross Profit": 117859,
        "Financial expenses": 1105,
        "Of which: Interest expense": "N/A",
        "Cost of sales": 101918,
        "Enterprise cost management": 7051,
        "Total Operating Expenses": 110074,
        "Total revenue financing activities": 2723,
        "Net profit from business activities": 10508,
        "Profit": 9089,
        "Profit before tax": 19597,
        "Present corporate income tax expenses": 2759,
        "Deferred income taxes expenses": "N/A",
        "The interests of minority shareholders": "N/A",
        "Total Cost of profits": 2759,
        "Profit after tax corporate income": 16838,
        "Volume": 26579135,
        "Close of Quarter": 197.2,
        "EPS": 9880,
        "Non-adjusted EPS": 9880,
        "PE": 20.0,
        "Book Price": 35.6
      }
    },
    {
      "quarter": "Q1 2013",
      "income status": {
        "Net sales": 416480,
        "Cost of goods sold": 307353,
        "Gross Profit": 109128,
        "Financial expenses": 297,
        "Of which: Interest expense": "N/A",
        "Cost of sales": 68263,
        "Enterprise cost management": 10442,
        "Total Operating Expenses": 79002,
        "Total revenue financing activities": 3076,
        "Net profit from business activities": 33201,
        "Profit": 4681,
        "Profit before tax": 37883,
        "Present corporate income tax expenses": 2322,
        "Deferred income taxes expenses": "N/A",
        "The interests of minority shareholders": "N/A",
        "Total Cost of profits": 2322,
        "Profit after tax corporate income": 35561,
        "Volume": 26579135,
        "Close of Quarter": 206.0,
        "EPS": 10934,
        "Non-adjusted EPS": 10934,
        "PE": 18.8,
        "Book Price": 37.1
      }
    },
    {
      "quarter": "Q4 2012",
      "income status": {
        "Net sales": 728328,
        "Cost of goods sold": 503187,
        "Gross Profit": 225141,
        "Financial expenses": 592,
        "Of which: Interest expense": "N/A",
        "Cost of sales": 61629,
        "Enterprise cost management": 9864,
        "Total Operating Expenses": 72085,
        "Total revenue financing activities": 4992,
        "Net profit from business activities": 158048,
        "Profit": 7130,
        "Profit before tax": 165177,
        "Present corporate income tax expenses": 13512,
        "Deferred income taxes expenses": "N/A",
        "The interests of minority shareholders": "N/A",
        "Total Cost of profits": 13512,
        "Profit after tax corporate income": 151665,
        "Volume": 26579135,
        "Close of Quarter": 156.9,
        "EPS": 11600,
        "Non-adjusted EPS": 11600,
        "PE": 13.5,
        "Book Price": 36
      }
    },
    {
      "quarter": "Q2 2012",
      "income status": {
        "Net sales": 444633,
        "Cost of goods sold": 325905,
        "Gross Profit": 118728,
        "Financial expenses": 717,
        "Of which: Interest expense": "N/A",
        "Cost of sales": 53768,
        "Enterprise cost management": 8513,
        "Total Operating Expenses": 62998,
        "Total revenue financing activities": 3840,
        "Net profit from business activities": 59570,
        "Profit": 4340,
        "Profit before tax": 63910,
        "Present corporate income tax expenses": 5379,
        "Deferred income taxes expenses": "N/A",
        "The interests of minority shareholders": "N/A",
        "Total Cost of profits": 5379,
        "Profit after tax corporate income": 58531,
        "Volume": 26579135,
        "Close of Quarter": 125.9,
        "EPS": 7388,
        "Non-adjusted EPS": 7388,
        "PE": 17.0,
        "Book Price": 29.3
      }
    },
    {
      "quarter": "Q1 2012",
      "income status": {
        "Net sales": 392368,
        "Cost of goods sold": 297613,
        "Gross Profit": 94755,
        "Financial expenses": 881,
        "Of which: Interest expense": 509,
        "Cost of sales": 40338,
        "Enterprise cost management": 9943,
        "Total Operating Expenses": 51162,
        "Total revenue financing activities": 4977,
        "Net profit from business activities": 48570,
        "Profit": 330,
        "Profit before tax": 48900,
        "Present corporate income tax expenses": 4046,
        "Deferred income taxes expenses": "N/A",
        "The interests of minority shareholders": "N/A",
        "Total Cost of profits": 4046,
        "Profit after tax corporate income": 44854,
        "Volume": 26579135,
        "Close of Quarter": 118.8,
        "EPS": 7054,
        "Non-adjusted EPS": 7054,
        "PE": 16.8,
        "Book Price": 29
      }
    },
    {
      "quarter": "Q4 2011",
      "income status": {
        "Net sales": 467587,
        "Cost of goods sold": 354913,
        "Gross Profit": 112673,
        "Financial expenses": 3683,
        "Of which: Interest expense": 3051,
        "Cost of sales": 58990,
        "Enterprise cost management": 8600,
        "Total Operating Expenses": 71273,
        "Total revenue financing activities": 9962,
        "Net profit from business activities": 51362,
        "Profit": 6503,
        "Profit before tax": 57865,
        "Present corporate income tax expenses": 4594,
        "Deferred income taxes expenses": "N/A",
        "The interests of minority shareholders": "N/A",
        "Total Cost of profits": 4594,
        "Profit after tax corporate income": 53271,
        "Volume": 26579135,
        "Close of Quarter": 87.9,
        "EPS": 8108,
        "Non-adjusted EPS": 8108,
        "PE": 10.8,
        "Book Price": 27.3
      }
    },
    {
      "quarter": "Q3 2011",
      "income status": {
        "Net sales": 396163,
        "Cost of goods sold": 302748,
        "Gross Profit": 93415,
        "Financial expenses": 333,
        "Of which: Interest expense": 18,
        "Cost of sales": 53539,
        "Enterprise cost management": 8646,
        "Total Operating Expenses": 62518,
        "Total revenue financing activities": 7977,
        "Net profit from business activities": 38874,
        "Profit": 5490,
        "Profit before tax": 44364,
        "Present corporate income tax expenses": 4665,
        "Deferred income taxes expenses": "N/A",
        "The interests of minority shareholders": "N/A",
        "Total Cost of profits": 4665,
        "Profit after tax corporate income": 39699,
        "Volume": 26579135,
        "Close of Quarter": 91.8,
        "EPS": 7723,
        "Non-adjusted EPS": 7723,
        "PE": 11.9,
        "Book Price": 26.2
      }
    },
    {
      "quarter": "Q2 2011",
      "income status": {
        "Net sales": 299369,
        "Cost of goods sold": 221488,
        "Gross Profit": 77880,
        "Financial expenses": 999,
        "Of which: Interest expense": 233,
        "Cost of sales": 25706,
        "Enterprise cost management": 7503,
        "Total Operating Expenses": 34208,
        "Total revenue financing activities": 5415,
        "Net profit from business activities": 49088,
        "Profit": 5674,
        "Profit before tax": 54761,
        "Present corporate income tax expenses": 5092,
        "Deferred income taxes expenses": "N/A",
        "The interests of minority shareholders": "N/A",
        "Total Cost of profits": 5092,
        "Profit after tax corporate income": 49669,
        "Volume": 26579135,
        "Close of Quarter": 64.1,
        "EPS": 7815,
        "Non-adjusted EPS": 7815,
        "PE": 8.2,
        "Book Price": 25
      }
    },
    {
      "quarter": "Q1 2011",
      "income status": {
        "Net sales": 422455,
        "Cost of goods sold": 311936,
        "Gross Profit": 110519,
        "Financial expenses": 2977,
        "Of which: Interest expense": 246,
        "Cost of sales": 30477,
        "Enterprise cost management": 7436,
        "Total Operating Expenses": 40890,
        "Total revenue financing activities": 10138,
        "Net profit from business activities": 79767,
        "Profit": 1091,
        "Profit before tax": 80858,
        "Present corporate income tax expenses": 7995,
        "Deferred income taxes expenses": "N/A",
        "The interests of minority shareholders": "N/A",
        "Total Cost of profits": 7995,
        "Profit after tax corporate income": 72863,
        "Volume": 26579135,
        "Close of Quarter": 45.5,
        "EPS": 7532,
        "Non-adjusted EPS": 7532,
        "PE": 6.1,
        "Book Price": 24.5
      }
    },
    {
      "quarter": "Q4 2010",
      "income status": {
        "Net sales": 386390,
        "Cost of goods sold": 303694,
        "Gross Profit": 82696,
        "Financial expenses": 3814,
        "Of which: Interest expense": 1938,
        "Cost of sales": 30637,
        "Enterprise cost management": 8445,
        "Total Operating Expenses": 42896,
        "Total revenue financing activities": 7343,
        "Net profit from business activities": 47143,
        "Profit": 3290,
        "Profit before tax": 50433,
        "Present corporate income tax expenses": 7384,
        "Deferred income taxes expenses": "N/A",
        "The interests of minority shareholders": "N/A",
        "Total Cost of profits": 7384,
        "Profit after tax corporate income": 43049,
        "Volume": 26579135,
        "Close of Quarter": "N/A",
        "EPS": 6068,
        "Non-adjusted EPS": 6068,
        "PE": "N/A",
        "Book Price": 21.8
      }
    },
    {
      "quarter": "Q3 2010",
      "income status": {
        "Net sales": 348101,
        "Cost of goods sold": 276291,
        "Gross Profit": 71810,
        "Financial expenses": 4312,
        "Of which: Interest expense": 33,
        "Cost of sales": 26759,
        "Enterprise cost management": 7713,
        "Total Operating Expenses": 38784,
        "Total revenue financing activities": 7982,
        "Net profit from business activities": 41007,
        "Profit": 4532,
        "Profit before tax": 45539,
        "Present corporate income tax expenses": 3415,
        "Deferred income taxes expenses": "N/A",
        "The interests of minority shareholders": "N/A",
        "Total Cost of profits": 3415,
        "Profit after tax corporate income": 42123,
        "Volume": 26579135,
        "Close of Quarter": "N/A",
        "EPS": 6075,
        "Non-adjusted EPS": 6075,
        "PE": "N/A",
        "Book Price": 20.2
      }
    },
    {
      "quarter": "Q2 2010",
      "income status": {
        "Net sales": 284558,
        "Cost of goods sold": 221207,
        "Gross Profit": 63351,
        "Financial expenses": 1982,
        "Of which: Interest expense": 48,
        "Cost of sales": 20206,
        "Enterprise cost management": 6865,
        "Total Operating Expenses": 29053,
        "Total revenue financing activities": 6610,
        "Net profit from business activities": 40907,
        "Profit": 4657,
        "Profit before tax": 45564,
        "Present corporate income tax expenses": 3417,
        "Deferred income taxes expenses": "N/A",
        "The interests of minority shareholders": "N/A",
        "Total Cost of profits": 3417,
        "Profit after tax corporate income": 42147,
        "Volume": 26579135,
        "Close of Quarter": "N/A",
        "EPS": 5934,
        "Non-adjusted EPS": 5934,
        "PE": "N/A",
        "Book Price": "N/A"
      }
    },
    {
      "quarter": "Q1 2010",
      "income status": {
        "Net sales": 282616,
        "Cost of goods sold": 227653,
        "Gross Profit": 54962,
        "Financial expenses": 1511,
        "Of which: Interest expense": "N/A",
        "Cost of sales": 18314,
        "Enterprise cost management": 5938,
        "Total Operating Expenses": 25763,
        "Total revenue financing activities": 5889,
        "Net profit from business activities": 35089,
        "Profit": 1641,
        "Profit before tax": 36730,
        "Present corporate income tax expenses": 2755,
        "Deferred income taxes expenses": "N/A",
        "The interests of minority shareholders": "N/A",
        "Total Cost of profits": 2755,
        "Profit after tax corporate income": 33975,
        "Volume": 26579135,
        "Close of Quarter": "N/A",
        "EPS": 4349,
        "Non-adjusted EPS": 4349,
        "PE": "N/A",
        "Book Price": "N/A"
      }
    },
    {
      "quarter": "Q4 2009",
      "income status": {
        "Net sales": 311191,
        "Cost of goods sold": 236643,
        "Gross Profit": 74548,
        "Financial expenses": 4651,
        "Of which: Interest expense": 1442,
        "Cost of sales": 28333,
        "Enterprise cost management": 5337,
        "Total Operating Expenses": 38321,
        "Total revenue financing activities": 5984,
        "Net profit from business activities": 42210,
        "Profit": 4493,
        "Profit before tax": 46703,
        "Present corporate income tax expenses": 3476,
        "Deferred income taxes expenses": "N/A",
        "The interests of minority shareholders": "N/A",
        "Total Cost of profits": 3476,
        "Profit after tax corporate income": 43227,
        "Volume": 26579135,
        "Close of Quarter": "N/A",
        "EPS": 3070,
        "Non-adjusted EPS": 3070,
        "PE": "N/A",
        "Book Price": 16.6
      }
    },
    {
      "quarter": "Q3 2009",
      "income status": {
        "Net sales": 243131,
        "Cost of goods sold": 177929,
        "Gross Profit": 65202,
        "Financial expenses": 3644,
        "Of which: Interest expense": 109,
        "Cost of sales": 20733,
        "Enterprise cost management": 4757,
        "Total Operating Expenses": 29134,
        "Total revenue financing activities": 3689,
        "Net profit from business activities": 39758,
        "Profit": 1736,
        "Profit before tax": 41493,
        "Present corporate income tax expenses": 3112,
        "Deferred income taxes expenses": "N/A",
        "The interests of minority shareholders": "N/A",
        "Total Cost of profits": 3112,
        "Profit after tax corporate income": 38381,
        "Volume": 26579135,
        "Close of Quarter": "N/A",
        "EPS": 1444,
        "Non-adjusted EPS": 1444,
        "PE": "N/A",
        "Book Price": "N/A"
      }
    }
  ]
}