{
  "ticker": "BVG",
  "data": [
    {
      "quarter": "Q1 2015",
      "income status": {
        "Net sales": 37696,
        "Cost of goods sold": 34277,
        "Gross Profit": 3419,
        "Financial expenses": 5642,
        "Of which: Interest expense": 4953,
        "Cost of sales": 192,
        "Enterprise cost management": 5150,
        "Total Operating Expenses": 10984,
        "Total revenue financing activities": 7,
        "Net profit from business activities": -7485,
        "Profit": -1145,
        "Profit before tax": -8630,
        "Present corporate income tax expenses": "N/A",
        "Deferred income taxes expenses": "N/A",
        "The interests of minority shareholders": -233,
        "Total Cost of profits": -233,
        "Profit after tax corporate income": -8397,
        "Volume": 9750948,
        "Close of Quarter": 1.7,
        "EPS": -1683,
        "Non-adjusted EPS": -1683,
        "PE": -1.0,
        "Book Price": 5.9
      }
    },
    {
      "quarter": "Q4 2014",
      "income status": {
        "Net sales": 52661,
        "Cost of goods sold": 41995,
        "Gross Profit": 10665,
        "Financial expenses": 5416,
        "Of which: Interest expense": 6367,
        "Cost of sales": 229,
        "Enterprise cost management": 5178,
        "Total Operating Expenses": 10823,
        "Total revenue financing activities": 106,
        "Net profit from business activities": -993,
        "Profit": -172,
        "Profit before tax": -1165,
        "Present corporate income tax expenses": "N/A",
        "Deferred income taxes expenses": "N/A",
        "The interests of minority shareholders": 293,
        "Total Cost of profits": 293,
        "Profit after tax corporate income": -1458,
        "Volume": 9750948,
        "Close of Quarter": 2.4,
        "EPS": -1465,
        "Non-adjusted EPS": -1465,
        "PE": -1.6,
        "Book Price": 6.8
      }
    },
    {
      "quarter": "Q3 2014",
      "income status": {
        "Net sales": 46930,
        "Cost of goods sold": 35491,
        "Gross Profit": 11439,
        "Financial expenses": 6173,
        "Of which: Interest expense": 6221,
        "Cost of sales": 308,
        "Enterprise cost management": 4516,
        "Total Operating Expenses": 10997,
        "Total revenue financing activities": 641,
        "Net profit from business activities": -389,
        "Profit": 86,
        "Profit before tax": -303,
        "Present corporate income tax expenses": "N/A",
        "Deferred income taxes expenses": "N/A",
        "The interests of minority shareholders": 56,
        "Total Cost of profits": 56,
        "Profit after tax corporate income": -359,
        "Volume": 9750948,
        "Close of Quarter": 2.6,
        "EPS": -1831,
        "Non-adjusted EPS": -1831,
        "PE": -1.4,
        "Book Price": 7.1
      }
    },
    {
      "quarter": "Q2 2014",
      "income status": {
        "Net sales": 36293,
        "Cost of goods sold": 29119,
        "Gross Profit": 7173,
        "Financial expenses": 7239,
        "Of which: Interest expense": 6375,
        "Cost of sales": 392,
        "Enterprise cost management": 4559,
        "Total Operating Expenses": 12190,
        "Total revenue financing activities": 55,
        "Net profit from business activities": -6453,
        "Profit": 253,
        "Profit before tax": -6200,
        "Present corporate income tax expenses": "N/A",
        "Deferred income taxes expenses": "N/A",
        "The interests of minority shareholders": -7,
        "Total Cost of profits": -7,
        "Profit after tax corporate income": -6193,
        "Volume": 9750948,
        "Close of Quarter": 3,
        "EPS": -2650,
        "Non-adjusted EPS": -2650,
        "PE": -1.1,
        "Book Price": 7.1
      }
    },
    {
      "quarter": "Q1 2014",
      "income status": {
        "Net sales": 33130,
        "Cost of goods sold": 26996,
        "Gross Profit": 6134,
        "Financial expenses": 6080,
        "Of which: Interest expense": 6072,
        "Cost of sales": 404,
        "Enterprise cost management": 4513,
        "Total Operating Expenses": 10997,
        "Total revenue financing activities": 9,
        "Net profit from business activities": -6501,
        "Profit": 229,
        "Profit before tax": -6272,
        "Present corporate income tax expenses": "N/A",
        "Deferred income taxes expenses": "N/A",
        "The interests of minority shareholders": 1,
        "Total Cost of profits": 1,
        "Profit after tax corporate income": -6273,
        "Volume": 9750948,
        "Close of Quarter": 4.3,
        "EPS": -2414,
        "Non-adjusted EPS": -2414,
        "PE": -1.8,
        "Book Price": 7.7
      }
    },
    {
      "quarter": "Q4 2013",
      "income status": {
        "Net sales": 52533,
        "Cost of goods sold": 46107,
        "Gross Profit": 6425,
        "Financial expenses": 2634,
        "Of which: Interest expense": 2564,
        "Cost of sales": 305,
        "Enterprise cost management": 5252,
        "Total Operating Expenses": 8191,
        "Total revenue financing activities": 211,
        "Net profit from business activities": -1554,
        "Profit": 105,
        "Profit before tax": -3561,
        "Present corporate income tax expenses": 5,
        "Deferred income taxes expenses": "N/A",
        "The interests of minority shareholders": 1466,
        "Total Cost of profits": 1471,
        "Profit after tax corporate income": -5033,
        "Volume": 9750948,
        "Close of Quarter": 3.1,
        "EPS": -1172,
        "Non-adjusted EPS": -1172,
        "PE": -2.7,
        "Book Price": 8.1
      }
    },
    {
      "quarter": "Q3 2013",
      "income status": {
        "Net sales": 54244,
        "Cost of goods sold": 48122,
        "Gross Profit": 6122,
        "Financial expenses": 11162,
        "Of which: Interest expense": 10903,
        "Cost of sales": 295,
        "Enterprise cost management": 3817,
        "Total Operating Expenses": 15274,
        "Total revenue financing activities": 72,
        "Net profit from business activities": -9080,
        "Profit": 1676,
        "Profit before tax": -9447,
        "Present corporate income tax expenses": "N/A",
        "Deferred income taxes expenses": "N/A",
        "The interests of minority shareholders": -1110,
        "Total Cost of profits": -1110,
        "Profit after tax corporate income": -8337,
        "Volume": 9750948,
        "Close of Quarter": 2.3,
        "EPS": -1650,
        "Non-adjusted EPS": -1650,
        "PE": -1.4,
        "Book Price": 8.6
      }
    },
    {
      "quarter": "Q2 2013",
      "income status": {
        "Net sales": 65764,
        "Cost of goods sold": 58180,
        "Gross Profit": 7584,
        "Financial expenses": 11040,
        "Of which: Interest expense": 16159,
        "Cost of sales": 493,
        "Enterprise cost management": 4909,
        "Total Operating Expenses": 16442,
        "Total revenue financing activities": 22,
        "Net profit from business activities": -8835,
        "Profit": 4543,
        "Profit before tax": -5016,
        "Present corporate income tax expenses": "N/A",
        "Deferred income taxes expenses": "N/A",
        "The interests of minority shareholders": -1125,
        "Total Cost of profits": -1125,
        "Profit after tax corporate income": -3891,
        "Volume": 9750948,
        "Close of Quarter": 3.2,
        "EPS": -1425,
        "Non-adjusted EPS": -1425,
        "PE": -2.3,
        "Book Price": 9
      }
    },
    {
      "quarter": "Q1 2013",
      "income status": {
        "Net sales": 25572,
        "Cost of goods sold": 16354,
        "Gross Profit": 9218,
        "Financial expenses": 6209,
        "Of which: Interest expense": 6097,
        "Cost of sales": 359,
        "Enterprise cost management": 4977,
        "Total Operating Expenses": 11545,
        "Total revenue financing activities": 3,
        "Net profit from business activities": -2323,
        "Profit": 9520,
        "Profit before tax": 6017,
        "Present corporate income tax expenses": "N/A",
        "Deferred income taxes expenses": "N/A",
        "The interests of minority shareholders": 188,
        "Total Cost of profits": 188,
        "Profit after tax corporate income": 5829,
        "Volume": 9750948,
        "Close of Quarter": 3.2,
        "EPS": -1782,
        "Non-adjusted EPS": -1782,
        "PE": -1.8,
        "Book Price": 9.4
      }
    },
    {
      "quarter": "Q4 2012",
      "income status": {
        "Net sales": 115982,
        "Cost of goods sold": 106420,
        "Gross Profit": 9562,
        "Financial expenses": 10287,
        "Of which: Interest expense": 10068,
        "Cost of sales": 1338,
        "Enterprise cost management": 6860,
        "Total Operating Expenses": 18485,
        "Total revenue financing activities": -162,
        "Net profit from business activities": -9084,
        "Profit": -1074,
        "Profit before tax": -10304,
        "Present corporate income tax expenses": 252,
        "Deferred income taxes expenses": "N/A",
        "The interests of minority shareholders": -865,
        "Total Cost of profits": -613,
        "Profit after tax corporate income": -9692,
        "Volume": 9750948,
        "Close of Quarter": 3.8,
        "EPS": -3603,
        "Non-adjusted EPS": -3603,
        "PE": -1.1,
        "Book Price": 9
      }
    },
    {
      "quarter": "Q3 2012",
      "income status": {
        "Net sales": 79743,
        "Cost of goods sold": 68325,
        "Gross Profit": 11418,
        "Financial expenses": 11652,
        "Of which: Interest expense": 11651,
        "Cost of sales": 1554,
        "Enterprise cost management": 5347,
        "Total Operating Expenses": 18553,
        "Total revenue financing activities": 401,
        "Net profit from business activities": -6734,
        "Profit": -1,
        "Profit before tax": -6871,
        "Present corporate income tax expenses": "N/A",
        "Deferred income taxes expenses": "N/A",
        "The interests of minority shareholders": -733,
        "Total Cost of profits": -733,
        "Profit after tax corporate income": -6138,
        "Volume": 9750948,
        "Close of Quarter": 2.7,
        "EPS": -2066,
        "Non-adjusted EPS": -2066,
        "PE": -1.3,
        "Book Price": 10
      }
    },
    {
      "quarter": "Q2 2012",
      "income status": {
        "Net sales": 163338,
        "Cost of goods sold": 151764,
        "Gross Profit": 11575,
        "Financial expenses": 14030,
        "Of which: Interest expense": 13965,
        "Cost of sales": 449,
        "Enterprise cost management": 5121,
        "Total Operating Expenses": 19600,
        "Total revenue financing activities": 20,
        "Net profit from business activities": -8005,
        "Profit": -9,
        "Profit before tax": -8155,
        "Present corporate income tax expenses": "N/A",
        "Deferred income taxes expenses": "N/A",
        "The interests of minority shareholders": -777,
        "Total Cost of profits": -777,
        "Profit after tax corporate income": -7378,
        "Volume": 9750948,
        "Close of Quarter": 4.1,
        "EPS": -333,
        "Non-adjusted EPS": -333,
        "PE": -12.3,
        "Book Price": 10.7
      }
    },
    {
      "quarter": "Q1 2012",
      "income status": {
        "Net sales": 172784,
        "Cost of goods sold": 165128,
        "Gross Profit": 7656,
        "Financial expenses": 13349,
        "Of which: Interest expense": 13094,
        "Cost of sales": 1349,
        "Enterprise cost management": 5937,
        "Total Operating Expenses": 20635,
        "Total revenue financing activities": 31,
        "Net profit from business activities": -12948,
        "Profit": "N/A",
        "Profit before tax": -13117,
        "Present corporate income tax expenses": "N/A",
        "Deferred income taxes expenses": "N/A",
        "The interests of minority shareholders": -1197,
        "Total Cost of profits": -1197,
        "Profit after tax corporate income": -11920,
        "Volume": 9750948,
        "Close of Quarter": 3.8,
        "EPS": -788,
        "Non-adjusted EPS": -788,
        "PE": -4.8,
        "Book Price": 11.4
      }
    },
    {
      "quarter": "Q4 2011",
      "income status": {
        "Net sales": 217055,
        "Cost of goods sold": 200230,
        "Gross Profit": 16825,
        "Financial expenses": 13631,
        "Of which: Interest expense": 12932,
        "Cost of sales": -525,
        "Enterprise cost management": 6497,
        "Total Operating Expenses": 19603,
        "Total revenue financing activities": 8057,
        "Net profit from business activities": 5279,
        "Profit": -20,
        "Profit before tax": 5050,
        "Present corporate income tax expenses": -242,
        "Deferred income taxes expenses": "N/A",
        "The interests of minority shareholders": -2,
        "Total Cost of profits": -244,
        "Profit after tax corporate income": 5294,
        "Volume": 9750948,
        "Close of Quarter": 2.4,
        "EPS": 114,
        "Non-adjusted EPS": 114,
        "PE": 21.1,
        "Book Price": 12.7
      }
    },
    {
      "quarter": "Q3 2011",
      "income status": {
        "Net sales": 230691,
        "Cost of goods sold": 221246,
        "Gross Profit": 9445,
        "Financial expenses": 34373,
        "Of which: Interest expense": 13729,
        "Cost of sales": 1890,
        "Enterprise cost management": 2775,
        "Total Operating Expenses": 39038,
        "Total revenue financing activities": 40253,
        "Net profit from business activities": 10660,
        "Profit": 39,
        "Profit before tax": 10589,
        "Present corporate income tax expenses": 431,
        "Deferred income taxes expenses": "N/A",
        "The interests of minority shareholders": -597,
        "Total Cost of profits": -166,
        "Profit after tax corporate income": 10755,
        "Volume": 9750948,
        "Close of Quarter": 4.2,
        "EPS": -379,
        "Non-adjusted EPS": -379,
        "PE": -11.1,
        "Book Price": 12.1
      }
    },
    {
      "quarter": "Q2 2011",
      "income status": {
        "Net sales": 162092,
        "Cost of goods sold": 147235,
        "Gross Profit": 14857,
        "Financial expenses": 14806,
        "Of which: Interest expense": 9000,
        "Cost of sales": 2058,
        "Enterprise cost management": 10045,
        "Total Operating Expenses": 26909,
        "Total revenue financing activities": 1036,
        "Net profit from business activities": -11016,
        "Profit": -48,
        "Profit before tax": -11225,
        "Present corporate income tax expenses": 238,
        "Deferred income taxes expenses": "N/A",
        "The interests of minority shareholders": 346,
        "Total Cost of profits": 584,
        "Profit after tax corporate income": -11808,
        "Volume": 9750948,
        "Close of Quarter": 5.7,
        "EPS": -1432,
        "Non-adjusted EPS": -1432,
        "PE": -4.0,
        "Book Price": 11
      }
    },
    {
      "quarter": "Q1 2011",
      "income status": {
        "Net sales": 132105,
        "Cost of goods sold": 114234,
        "Gross Profit": 17870,
        "Financial expenses": 13127,
        "Of which: Interest expense": 10067,
        "Cost of sales": 1167,
        "Enterprise cost management": 6438,
        "Total Operating Expenses": 20732,
        "Total revenue financing activities": 62,
        "Net profit from business activities": -2800,
        "Profit": -17,
        "Profit before tax": -2877,
        "Present corporate income tax expenses": 43,
        "Deferred income taxes expenses": 201,
        "The interests of minority shareholders": 7,
        "Total Cost of profits": 251,
        "Profit after tax corporate income": -3128,
        "Volume": 9750948,
        "Close of Quarter": 8.7,
        "EPS": -344,
        "Non-adjusted EPS": -344,
        "PE": -25.3,
        "Book Price": 12.2
      }
    },
    {
      "quarter": "Q4 2010",
      "income status": {
        "Net sales": 184768,
        "Cost of goods sold": 169537,
        "Gross Profit": 15230,
        "Financial expenses": 8730,
        "Of which: Interest expense": "N/A",
        "Cost of sales": 1498,
        "Enterprise cost management": 4880,
        "Total Operating Expenses": 15108,
        "Total revenue financing activities": -5259,
        "Net profit from business activities": -5136,
        "Profit": 5328,
        "Profit before tax": 192,
        "Present corporate income tax expenses": 4,
        "Deferred income taxes expenses": "N/A",
        "The interests of minority shareholders": -295,
        "Total Cost of profits": -291,
        "Profit after tax corporate income": 483,
        "Volume": 9750948,
        "Close of Quarter": 12.6,
        "EPS": 255,
        "Non-adjusted EPS": 255,
        "PE": 49.4,
        "Book Price": 12.6
      }
    },
    {
      "quarter": "Q3 2010",
      "income status": {
        "Net sales": 157550,
        "Cost of goods sold": 152434,
        "Gross Profit": 5116,
        "Financial expenses": 5336,
        "Of which: Interest expense": "N/A",
        "Cost of sales": 326,
        "Enterprise cost management": 3947,
        "Total Operating Expenses": 9609,
        "Total revenue financing activities": 5343,
        "Net profit from business activities": 850,
        "Profit": 10,
        "Profit before tax": 859,
        "Present corporate income tax expenses": 528,
        "Deferred income taxes expenses": "N/A",
        "The interests of minority shareholders": -154,
        "Total Cost of profits": 374,
        "Profit after tax corporate income": 486,
        "Volume": 9750948,
        "Close of Quarter": 15,
        "EPS": 389,
        "Non-adjusted EPS": 389,
        "PE": 38.6,
        "Book Price": 12.5
      }
    },
    {
      "quarter": "Q2 2010",
      "income status": {
        "Net sales": 170539,
        "Cost of goods sold": 160113,
        "Gross Profit": 10426,
        "Financial expenses": 4128,
        "Of which: Interest expense": "N/A",
        "Cost of sales": 34,
        "Enterprise cost management": 7236,
        "Total Operating Expenses": 11398,
        "Total revenue financing activities": 52,
        "Net profit from business activities": -920,
        "Profit": -27,
        "Profit before tax": -1121,
        "Present corporate income tax expenses": 83,
        "Deferred income taxes expenses": "N/A",
        "The interests of minority shareholders": -13,
        "Total Cost of profits": 70,
        "Profit after tax corporate income": -1191,
        "Volume": 9750948,
        "Close of Quarter": "N/A",
        "EPS": 896,
        "Non-adjusted EPS": 896,
        "PE": "N/A",
        "Book Price": 12.4
      }
    },
    {
      "quarter": "Q1 2010",
      "income status": {
        "Net sales": 105431,
        "Cost of goods sold": 93266,
        "Gross Profit": 12165,
        "Financial expenses": 3407,
        "Of which: Interest expense": 3407,
        "Cost of sales": 639,
        "Enterprise cost management": 4701,
        "Total Operating Expenses": 8747,
        "Total revenue financing activities": 46,
        "Net profit from business activities": 3464,
        "Profit": "N/A",
        "Profit before tax": 3464,
        "Present corporate income tax expenses": 755,
        "Deferred income taxes expenses": "N/A",
        "The interests of minority shareholders": 5,
        "Total Cost of profits": 760,
        "Profit after tax corporate income": 2704,
        "Volume": 9750948,
        "Close of Quarter": "N/A",
        "EPS": 1967,
        "Non-adjusted EPS": 1967,
        "PE": "N/A",
        "Book Price": 12.5
      }
    },
    {
      "quarter": "Q4 2009",
      "income status": {
        "Net sales": 128580,
        "Cost of goods sold": 113716,
        "Gross Profit": 14865,
        "Financial expenses": 79,
        "Of which: Interest expense": 4569,
        "Cost of sales": 223,
        "Enterprise cost management": 11551,
        "Total Operating Expenses": 11853,
        "Total revenue financing activities": 53,
        "Net profit from business activities": 3064,
        "Profit": 1030,
        "Profit before tax": 3955,
        "Present corporate income tax expenses": 2318,
        "Deferred income taxes expenses": -210,
        "The interests of minority shareholders": 56,
        "Total Cost of profits": 2164,
        "Profit after tax corporate income": 1791,
        "Volume": 9750948,
        "Close of Quarter": "N/A",
        "EPS": 1927,
        "Non-adjusted EPS": 1927,
        "PE": "N/A",
        "Book Price": "N/A"
      }
    },
    {
      "quarter": "Q3 2009",
      "income status": {
        "Net sales": 101933,
        "Cost of goods sold": 90514,
        "Gross Profit": 11419,
        "Financial expenses": 1793,
        "Of which: Interest expense": "N/A",
        "Cost of sales": 544,
        "Enterprise cost management": 3727,
        "Total Operating Expenses": 6064,
        "Total revenue financing activities": 37,
        "Net profit from business activities": 5392,
        "Profit": 45,
        "Profit before tax": 5437,
        "Present corporate income tax expenses": "N/A",
        "Deferred income taxes expenses": "N/A",
        "The interests of minority shareholders": "N/A",
        "Total Cost of profits": 0,
        "Profit after tax corporate income": 5437,
        "Volume": 9750948,
        "Close of Quarter": "N/A",
        "EPS": 1744,
        "Non-adjusted EPS": 1744,
        "PE": "N/A",
        "Book Price": "N/A"
      }
    },
    {
      "quarter": "Q2 2009",
      "income status": {
        "Net sales": 111930,
        "Cost of goods sold": 97849,
        "Gross Profit": 14081,
        "Financial expenses": 2699,
        "Of which: Interest expense": "N/A",
        "Cost of sales": "N/A",
        "Enterprise cost management": 2198,
        "Total Operating Expenses": 4897,
        "Total revenue financing activities": 21,
        "Net profit from business activities": 9205,
        "Profit": 45,
        "Profit before tax": 9250,
        "Present corporate income tax expenses": "N/A",
        "Deferred income taxes expenses": "N/A",
        "The interests of minority shareholders": "N/A",
        "Total Cost of profits": 0,
        "Profit after tax corporate income": 9250,
        "Volume": 9750948,
        "Close of Quarter": "N/A",
        "EPS": 1186,
        "Non-adjusted EPS": 1186,
        "PE": "N/A",
        "Book Price": "N/A"
      }
    },
    {
      "quarter": "Q1 2009",
      "income status": {
        "Net sales": 86134,
        "Cost of goods sold": 78650,
        "Gross Profit": 7484,
        "Financial expenses": 3039,
        "Of which: Interest expense": 3039,
        "Cost of sales": "N/A",
        "Enterprise cost management": 2198,
        "Total Operating Expenses": 5237,
        "Total revenue financing activities": 23,
        "Net profit from business activities": 2270,
        "Profit": 45,
        "Profit before tax": 2315,
        "Present corporate income tax expenses": "N/A",
        "Deferred income taxes expenses": "N/A",
        "The interests of minority shareholders": "N/A",
        "Total Cost of profits": 0,
        "Profit after tax corporate income": 2315,
        "Volume": 9750948,
        "Close of Quarter": "N/A",
        "EPS": 237,
        "Non-adjusted EPS": 237,
        "PE": "N/A",
        "Book Price": "N/A"
      }
    }
  ]
}