{
  "ticker": "QHD",
  "data": [
    {
      "quarter": "Q1 2017",
      "income status": {
        "Net sales": 57754,
        "Cost of goods sold": 52035,
        "Gross Profit": 5719,
        "Financial expenses": 136,
        "Of which: Interest expense": 136,
        "Cost of sales": 2329,
        "Enterprise cost management": 1903,
        "Total Operating Expenses": 4368,
        "Total revenue financing activities": 115,
        "Net profit from business activities": 1465,
        "Profit": -6,
        "Profit before tax": 1459,
        "Present corporate income tax expenses": 293,
        "Deferred income taxes expenses": "N/A",
        "The interests of minority shareholders": "N/A",
        "Total Cost of profits": 293,
        "Profit after tax corporate income": 1166,
        "Volume": 5524716,
        "Close of Quarter": 35.5,
        "EPS": 4144,
        "Non-adjusted EPS": 4144,
        "PE": 8.6,
        "Book Price": 17.2
      }
    },
    {
      "quarter": "Q4 2016",
      "income status": {
        "Net sales": 70250,
        "Cost of goods sold": 61359,
        "Gross Profit": 8891,
        "Financial expenses": "N/A",
        "Of which: Interest expense": "N/A",
        "Cost of sales": 446,
        "Enterprise cost management": 2561,
        "Total Operating Expenses": 3007,
        "Total revenue financing activities": 343,
        "Net profit from business activities": 6227,
        "Profit": -5,
        "Profit before tax": 6222,
        "Present corporate income tax expenses": 1245,
        "Deferred income taxes expenses": "N/A",
        "The interests of minority shareholders": "N/A",
        "Total Cost of profits": 1245,
        "Profit after tax corporate income": 4977,
        "Volume": 5524716,
        "Close of Quarter": 42.2,
        "EPS": 5951,
        "Non-adjusted EPS": 5951,
        "PE": 7.1,
        "Book Price": 20
      }
    },
    {
      "quarter": "Q3 2016",
      "income status": {
        "Net sales": 64215,
        "Cost of goods sold": 51569,
        "Gross Profit": 12646,
        "Financial expenses": "N/A",
        "Of which: Interest expense": "N/A",
        "Cost of sales": 2390,
        "Enterprise cost management": 2557,
        "Total Operating Expenses": 4947,
        "Total revenue financing activities": 172,
        "Net profit from business activities": 7870,
        "Profit": -477,
        "Profit before tax": 7393,
        "Present corporate income tax expenses": 1574,
        "Deferred income taxes expenses": "N/A",
        "The interests of minority shareholders": "N/A",
        "Total Cost of profits": 1574,
        "Profit after tax corporate income": 5819,
        "Volume": 4249901,
        "Close of Quarter": 58.2,
        "EPS": 6776.3,
        "Non-adjusted EPS": 8809,
        "PE": 6.6,
        "Book Price": 19.2
      }
    },
    {
      "quarter": "Q2 2016",
      "income status": {
        "Net sales": 81273,
        "Cost of goods sold": 62042,
        "Gross Profit": 19231,
        "Financial expenses": 15,
        "Of which: Interest expense": 15,
        "Cost of sales": 2737,
        "Enterprise cost management": 2992,
        "Total Operating Expenses": 5744,
        "Total revenue financing activities": 91,
        "Net profit from business activities": 13579,
        "Profit": 90,
        "Profit before tax": 13669,
        "Present corporate income tax expenses": 2735,
        "Deferred income taxes expenses": "N/A",
        "The interests of minority shareholders": "N/A",
        "Total Cost of profits": 2735,
        "Profit after tax corporate income": 10934,
        "Volume": 4249901,
        "Close of Quarter": 60.8,
        "EPS": 7231.0,
        "Non-adjusted EPS": 9400,
        "PE": 6.5,
        "Book Price": 18.1
      }
    },
    {
      "quarter": "Q1 2016",
      "income status": {
        "Net sales": 76279,
        "Cost of goods sold": 56967,
        "Gross Profit": 19313,
        "Financial expenses": 3,
        "Of which: Interest expense": 3,
        "Cost of sales": 2840,
        "Enterprise cost management": 2620,
        "Total Operating Expenses": 5463,
        "Total revenue financing activities": 85,
        "Net profit from business activities": 13935,
        "Profit": -2,
        "Profit before tax": 13933,
        "Present corporate income tax expenses": 2788,
        "Deferred income taxes expenses": "N/A",
        "The interests of minority shareholders": "N/A",
        "Total Cost of profits": 2788,
        "Profit after tax corporate income": 11145,
        "Volume": 4249901,
        "Close of Quarter": 34.5,
        "EPS": 6862.5,
        "Non-adjusted EPS": 8921,
        "PE": 3.9,
        "Book Price": 16.2
      }
    },
    {
      "quarter": "Q4 2015",
      "income status": {
        "Net sales": 86513,
        "Cost of goods sold": 68926,
        "Gross Profit": 17587,
        "Financial expenses": 214,
        "Of which: Interest expense": 118,
        "Cost of sales": 2556,
        "Enterprise cost management": 2602,
        "Total Operating Expenses": 5372,
        "Total revenue financing activities": 19,
        "Net profit from business activities": 12233,
        "Profit": -2,
        "Profit before tax": 12231,
        "Present corporate income tax expenses": 2693,
        "Deferred income taxes expenses": "N/A",
        "The interests of minority shareholders": "N/A",
        "Total Cost of profits": 2693,
        "Profit after tax corporate income": 9539,
        "Volume": 4249901,
        "Close of Quarter": 33.8,
        "EPS": 5828.6,
        "Non-adjusted EPS": 7577,
        "PE": 4.5,
        "Book Price": 16.2
      }
    },
    {
      "quarter": "Q3 2015",
      "income status": {
        "Net sales": 78904,
        "Cost of goods sold": 62402,
        "Gross Profit": 16501,
        "Financial expenses": 274,
        "Of which: Interest expense": 274,
        "Cost of sales": 2712,
        "Enterprise cost management": 2837,
        "Total Operating Expenses": 5823,
        "Total revenue financing activities": 8,
        "Net profit from business activities": 10685,
        "Profit": -5,
        "Profit before tax": 10680,
        "Present corporate income tax expenses": 2351,
        "Deferred income taxes expenses": "N/A",
        "The interests of minority shareholders": "N/A",
        "Total Cost of profits": 2351,
        "Profit after tax corporate income": 8330,
        "Volume": 4249901,
        "Close of Quarter": 21.9,
        "EPS": 5191.7,
        "Non-adjusted EPS": 6749,
        "PE": 3.2,
        "Book Price": 14.5
      }
    },
    {
      "quarter": "Q2 2015",
      "income status": {
        "Net sales": 75177,
        "Cost of goods sold": 60480,
        "Gross Profit": 14698,
        "Financial expenses": 150,
        "Of which: Interest expense": 150,
        "Cost of sales": -37,
        "Enterprise cost management": 3209,
        "Total Operating Expenses": 3322,
        "Total revenue financing activities": 11,
        "Net profit from business activities": 11388,
        "Profit": 24,
        "Profit before tax": 11411,
        "Present corporate income tax expenses": 2512,
        "Deferred income taxes expenses": "N/A",
        "The interests of minority shareholders": "N/A",
        "Total Cost of profits": 2512,
        "Profit after tax corporate income": 8900,
        "Volume": 4249901,
        "Close of Quarter": 17.6,
        "EPS": 4706.3,
        "Non-adjusted EPS": 6118,
        "PE": 2.9,
        "Book Price": 12.9
      }
    },
    {
      "quarter": "Q1 2015",
      "income status": {
        "Net sales": 67775,
        "Cost of goods sold": 53928,
        "Gross Profit": 13847,
        "Financial expenses": 270,
        "Of which: Interest expense": 270,
        "Cost of sales": 4615,
        "Enterprise cost management": 2224,
        "Total Operating Expenses": 7109,
        "Total revenue financing activities": 11,
        "Net profit from business activities": 6749,
        "Profit": 218,
        "Profit before tax": 6967,
        "Present corporate income tax expenses": 1534,
        "Deferred income taxes expenses": "N/A",
        "The interests of minority shareholders": "N/A",
        "Total Cost of profits": 1534,
        "Profit after tax corporate income": 5433,
        "Volume": 4249901,
        "Close of Quarter": 13.6,
        "EPS": 3743.2,
        "Non-adjusted EPS": 4866,
        "PE": 2.8,
        "Book Price": 11.4
      }
    },
    {
      "quarter": "Q4 2014",
      "income status": {
        "Net sales": 71968,
        "Cost of goods sold": 55755,
        "Gross Profit": 16213,
        "Financial expenses": 73,
        "Of which: Interest expense": 383,
        "Cost of sales": 4575,
        "Enterprise cost management": 3835,
        "Total Operating Expenses": 8483,
        "Total revenue financing activities": 6,
        "Net profit from business activities": 7736,
        "Profit": -9,
        "Profit before tax": 7727,
        "Present corporate income tax expenses": 1706,
        "Deferred income taxes expenses": "N/A",
        "The interests of minority shareholders": "N/A",
        "Total Cost of profits": 1706,
        "Profit after tax corporate income": 6021,
        "Volume": 4249901,
        "Close of Quarter": 14.5,
        "EPS": 3084.7,
        "Non-adjusted EPS": 4010,
        "PE": 3.6,
        "Book Price": 11.9
      }
    },
    {
      "quarter": "Q3 2014",
      "income status": {
        "Net sales": 62602,
        "Cost of goods sold": 48227,
        "Gross Profit": 14375,
        "Financial expenses": 812,
        "Of which: Interest expense": 542,
        "Cost of sales": 3935,
        "Enterprise cost management": 2355,
        "Total Operating Expenses": 7102,
        "Total revenue financing activities": 5,
        "Net profit from business activities": 7279,
        "Profit": -30,
        "Profit before tax": 7249,
        "Present corporate income tax expenses": 1601,
        "Deferred income taxes expenses": "N/A",
        "The interests of minority shareholders": "N/A",
        "Total Cost of profits": 1601,
        "Profit after tax corporate income": 5648,
        "Volume": 4249901,
        "Close of Quarter": 9.3,
        "EPS": 2724.7,
        "Non-adjusted EPS": 3542,
        "PE": 2.6,
        "Book Price": 10.9
      }
    },
    {
      "quarter": "Q2 2014",
      "income status": {
        "Net sales": 57580,
        "Cost of goods sold": 45806,
        "Gross Profit": 11774,
        "Financial expenses": 810,
        "Of which: Interest expense": 465,
        "Cost of sales": 2996,
        "Enterprise cost management": 3401,
        "Total Operating Expenses": 7207,
        "Total revenue financing activities": 18,
        "Net profit from business activities": 4584,
        "Profit": 2,
        "Profit before tax": 4586,
        "Present corporate income tax expenses": 1010,
        "Deferred income taxes expenses": "N/A",
        "The interests of minority shareholders": "N/A",
        "Total Cost of profits": 1010,
        "Profit after tax corporate income": 3576,
        "Volume": 4249901,
        "Close of Quarter": 8.4,
        "EPS": 2064.7,
        "Non-adjusted EPS": 2684,
        "PE": 3.1,
        "Book Price": 9.8
      }
    },
    {
      "quarter": "Q1 2014",
      "income status": {
        "Net sales": 50603,
        "Cost of goods sold": 43363,
        "Gross Profit": 7239,
        "Financial expenses": 657,
        "Of which: Interest expense": 567,
        "Cost of sales": 2784,
        "Enterprise cost management": 1639,
        "Total Operating Expenses": 5080,
        "Total revenue financing activities": 10,
        "Net profit from business activities": 2170,
        "Profit": 134,
        "Profit before tax": 2305,
        "Present corporate income tax expenses": 508,
        "Deferred income taxes expenses": "N/A",
        "The interests of minority shareholders": "N/A",
        "Total Cost of profits": 508,
        "Profit after tax corporate income": 1796,
        "Volume": 4249901,
        "Close of Quarter": 10,
        "EPS": 1750.1,
        "Non-adjusted EPS": 2275,
        "PE": 4.4,
        "Book Price": 10.5
      }
    },
    {
      "quarter": "Q4 2013",
      "income status": {
        "Net sales": 56398,
        "Cost of goods sold": 44456,
        "Gross Profit": 11942,
        "Financial expenses": 217,
        "Of which: Interest expense": 217,
        "Cost of sales": 2869,
        "Enterprise cost management": 3532,
        "Total Operating Expenses": 6618,
        "Total revenue financing activities": 7,
        "Net profit from business activities": 5332,
        "Profit": 50,
        "Profit before tax": 5381,
        "Present corporate income tax expenses": 1347,
        "Deferred income taxes expenses": "N/A",
        "The interests of minority shareholders": "N/A",
        "Total Cost of profits": 1347,
        "Profit after tax corporate income": 4035,
        "Volume": 4249901,
        "Close of Quarter": 4.9,
        "EPS": 1643.1,
        "Non-adjusted EPS": 2136,
        "PE": 2.3,
        "Book Price": 10.2
      }
    },
    {
      "quarter": "Q3 2013",
      "income status": {
        "Net sales": 49482,
        "Cost of goods sold": 41296,
        "Gross Profit": 8186,
        "Financial expenses": 1015,
        "Of which: Interest expense": 772,
        "Cost of sales": 3155,
        "Enterprise cost management": 1388,
        "Total Operating Expenses": 5558,
        "Total revenue financing activities": 5,
        "Net profit from business activities": 2633,
        "Profit": 32,
        "Profit before tax": 2665,
        "Present corporate income tax expenses": 668,
        "Deferred income taxes expenses": "N/A",
        "The interests of minority shareholders": "N/A",
        "Total Cost of profits": 668,
        "Profit after tax corporate income": 1998,
        "Volume": 4249901,
        "Close of Quarter": 3.5,
        "EPS": 1416.2,
        "Non-adjusted EPS": 1841,
        "PE": 1.9,
        "Book Price": 9.5
      }
    },
    {
      "quarter": "Q2 2013",
      "income status": {
        "Net sales": 53198,
        "Cost of goods sold": 43973,
        "Gross Profit": 9225,
        "Financial expenses": 1377,
        "Of which: Interest expense": 1074,
        "Cost of sales": 3740,
        "Enterprise cost management": 1748,
        "Total Operating Expenses": 6865,
        "Total revenue financing activities": 16,
        "Net profit from business activities": 2377,
        "Profit": 79,
        "Profit before tax": 2456,
        "Present corporate income tax expenses": 615,
        "Deferred income taxes expenses": "N/A",
        "The interests of minority shareholders": "N/A",
        "Total Cost of profits": 615,
        "Profit after tax corporate income": 1841,
        "Volume": 4249901,
        "Close of Quarter": 3.4,
        "EPS": 1208.5,
        "Non-adjusted EPS": 1571,
        "PE": 2.2,
        "Book Price": 9.1
      }
    },
    {
      "quarter": "Q1 2013",
      "income status": {
        "Net sales": 49411,
        "Cost of goods sold": 42257,
        "Gross Profit": 7154,
        "Financial expenses": 1480,
        "Of which: Interest expense": 980,
        "Cost of sales": 2318,
        "Enterprise cost management": 1853,
        "Total Operating Expenses": 5651,
        "Total revenue financing activities": 13,
        "Net profit from business activities": 1515,
        "Profit": 94,
        "Profit before tax": 1609,
        "Present corporate income tax expenses": 405,
        "Deferred income taxes expenses": "N/A",
        "The interests of minority shareholders": "N/A",
        "Total Cost of profits": 405,
        "Profit after tax corporate income": 1205,
        "Volume": 4249901,
        "Close of Quarter": 4.5,
        "EPS": 1070.0,
        "Non-adjusted EPS": 1391,
        "PE": 3.2,
        "Book Price": 8.8
      }
    },
    {
      "quarter": "Q4 2012",
      "income status": {
        "Net sales": 56202,
        "Cost of goods sold": 46149,
        "Gross Profit": 10053,
        "Financial expenses": 1486,
        "Of which: Interest expense": 568,
        "Cost of sales": 1227,
        "Enterprise cost management": 3824,
        "Total Operating Expenses": 6537,
        "Total revenue financing activities": 11,
        "Net profit from business activities": 3528,
        "Profit": -96,
        "Profit before tax": 3432,
        "Present corporate income tax expenses": 651,
        "Deferred income taxes expenses": "N/A",
        "The interests of minority shareholders": "N/A",
        "Total Cost of profits": 651,
        "Profit after tax corporate income": 2781,
        "Volume": 4249901,
        "Close of Quarter": 3.4,
        "EPS": 954.6,
        "Non-adjusted EPS": 1241,
        "PE": 2.7,
        "Book Price": 9.3
      }
    },
    {
      "quarter": "Q3 2012",
      "income status": {
        "Net sales": 44563,
        "Cost of goods sold": 39205,
        "Gross Profit": 5358,
        "Financial expenses": 1562,
        "Of which: Interest expense": 1562,
        "Cost of sales": 1457,
        "Enterprise cost management": 1313,
        "Total Operating Expenses": 4332,
        "Total revenue financing activities": 8,
        "Net profit from business activities": 1034,
        "Profit": 20,
        "Profit before tax": 1054,
        "Present corporate income tax expenses": 203,
        "Deferred income taxes expenses": "N/A",
        "The interests of minority shareholders": "N/A",
        "Total Cost of profits": 203,
        "Profit after tax corporate income": 851,
        "Volume": 4249901,
        "Close of Quarter": 2.3,
        "EPS": 861.6,
        "Non-adjusted EPS": 1120,
        "PE": 2.0,
        "Book Price": 8.8
      }
    },
    {
      "quarter": "Q2 2012",
      "income status": {
        "Net sales": 52250,
        "Cost of goods sold": 45264,
        "Gross Profit": 6986,
        "Financial expenses": 2268,
        "Of which: Interest expense": 1768,
        "Cost of sales": 1653,
        "Enterprise cost management": 1593,
        "Total Operating Expenses": 5514,
        "Total revenue financing activities": 41,
        "Net profit from business activities": 1513,
        "Profit": -215,
        "Profit before tax": 1298,
        "Present corporate income tax expenses": 226,
        "Deferred income taxes expenses": "N/A",
        "The interests of minority shareholders": "N/A",
        "Total Cost of profits": 226,
        "Profit after tax corporate income": 1073,
        "Volume": 4249901,
        "Close of Quarter": 3.2,
        "EPS": 814.6,
        "Non-adjusted EPS": 1059,
        "PE": 3.0,
        "Book Price": 8.6
      }
    },
    {
      "quarter": "Q1 2012",
      "income status": {
        "Net sales": 49180,
        "Cost of goods sold": 42705,
        "Gross Profit": 6475,
        "Financial expenses": 2384,
        "Of which: Interest expense": 1684,
        "Cost of sales": 1681,
        "Enterprise cost management": 1776,
        "Total Operating Expenses": 5841,
        "Total revenue financing activities": 11,
        "Net profit from business activities": 646,
        "Profit": 114,
        "Profit before tax": 760,
        "Present corporate income tax expenses": 190,
        "Deferred income taxes expenses": "N/A",
        "The interests of minority shareholders": "N/A",
        "Total Cost of profits": 190,
        "Profit after tax corporate income": 570,
        "Volume": 4249901,
        "Close of Quarter": 3.1,
        "EPS": 678.5,
        "Non-adjusted EPS": 882,
        "PE": 3.5,
        "Book Price": 8.5
      }
    },
    {
      "quarter": "Q4 2011",
      "income status": {
        "Net sales": 61022,
        "Cost of goods sold": 54509,
        "Gross Profit": 6513,
        "Financial expenses": 1976,
        "Of which: Interest expense": 1976,
        "Cost of sales": 1170,
        "Enterprise cost management": 646,
        "Total Operating Expenses": 3792,
        "Total revenue financing activities": 12,
        "Net profit from business activities": 2733,
        "Profit": 27,
        "Profit before tax": 2760,
        "Present corporate income tax expenses": 495,
        "Deferred income taxes expenses": "N/A",
        "The interests of minority shareholders": "N/A",
        "Total Cost of profits": 495,
        "Profit after tax corporate income": 2265,
        "Volume": 4249901,
        "Close of Quarter": 3.9,
        "EPS": 603.9,
        "Non-adjusted EPS": 785,
        "PE": 5.0,
        "Book Price": 9
      }
    },
    {
      "quarter": "Q3 2011",
      "income status": {
        "Net sales": 60363,
        "Cost of goods sold": 55464,
        "Gross Profit": 4899,
        "Financial expenses": 1899,
        "Of which: Interest expense": 1899,
        "Cost of sales": 1428,
        "Enterprise cost management": 982,
        "Total Operating Expenses": 4309,
        "Total revenue financing activities": 10,
        "Net profit from business activities": 601,
        "Profit": 115,
        "Profit before tax": 716,
        "Present corporate income tax expenses": 125,
        "Deferred income taxes expenses": "N/A",
        "The interests of minority shareholders": "N/A",
        "Total Cost of profits": 125,
        "Profit after tax corporate income": 591,
        "Volume": 4249901,
        "Close of Quarter": 3.6,
        "EPS": 525.4,
        "Non-adjusted EPS": 683,
        "PE": 5.3,
        "Book Price": 8.6
      }
    },
    {
      "quarter": "Q2 2011",
      "income status": {
        "Net sales": 61117,
        "Cost of goods sold": 56778,
        "Gross Profit": 4339,
        "Financial expenses": 1612,
        "Of which: Interest expense": 1612,
        "Cost of sales": 1210,
        "Enterprise cost management": 1258,
        "Total Operating Expenses": 4080,
        "Total revenue financing activities": 17,
        "Net profit from business activities": 275,
        "Profit": 153,
        "Profit before tax": 429,
        "Present corporate income tax expenses": 107,
        "Deferred income taxes expenses": "N/A",
        "The interests of minority shareholders": "N/A",
        "Total Cost of profits": 107,
        "Profit after tax corporate income": 321,
        "Volume": 4249901,
        "Close of Quarter": 3.2,
        "EPS": 220.0,
        "Non-adjusted EPS": 286,
        "PE": 11.3,
        "Book Price": 8.5
      }
    },
    {
      "quarter": "Q1 2011",
      "income status": {
        "Net sales": 53686,
        "Cost of goods sold": 49908,
        "Gross Profit": 3778,
        "Financial expenses": 1297,
        "Of which: Interest expense": 1297,
        "Cost of sales": 1287,
        "Enterprise cost management": 1140,
        "Total Operating Expenses": 3724,
        "Total revenue financing activities": 14,
        "Net profit from business activities": 67,
        "Profit": 147,
        "Profit before tax": 214,
        "Present corporate income tax expenses": 54,
        "Deferred income taxes expenses": "N/A",
        "The interests of minority shareholders": "N/A",
        "Total Cost of profits": 54,
        "Profit after tax corporate income": 161,
        "Volume": 2742270,
        "Close of Quarter": 7.2,
        "EPS": 279.0,
        "Non-adjusted EPS": 562,
        "PE": 12.8,
        "Book Price": 9.2
      }
    },
    {
      "quarter": "Q4 2010",
      "income status": {
        "Net sales": 57057,
        "Cost of goods sold": 50896,
        "Gross Profit": 6161,
        "Financial expenses": 1250,
        "Of which: Interest expense": 1250,
        "Cost of sales": 1222,
        "Enterprise cost management": 1317,
        "Total Operating Expenses": 3789,
        "Total revenue financing activities": 13,
        "Net profit from business activities": 2385,
        "Profit": 52,
        "Profit before tax": 2437,
        "Present corporate income tax expenses": 609,
        "Deferred income taxes expenses": "N/A",
        "The interests of minority shareholders": "N/A",
        "Total Cost of profits": 609,
        "Profit after tax corporate income": 1828,
        "Volume": 2742270,
        "Close of Quarter": 7.0,
        "EPS": 845.8,
        "Non-adjusted EPS": 1704,
        "PE": 4.1,
        "Book Price": 9.1
      }
    },
    {
      "quarter": "Q3 2010",
      "income status": {
        "Net sales": 47422,
        "Cost of goods sold": 45346,
        "Gross Profit": 2076,
        "Financial expenses": 1216,
        "Of which: Interest expense": 1216,
        "Cost of sales": 1475,
        "Enterprise cost management": 979,
        "Total Operating Expenses": 3670,
        "Total revenue financing activities": 12,
        "Net profit from business activities": -1582,
        "Profit": 123,
        "Profit before tax": -1459,
        "Present corporate income tax expenses": -365,
        "Deferred income taxes expenses": "N/A",
        "The interests of minority shareholders": "N/A",
        "Total Cost of profits": -365,
        "Profit after tax corporate income": -1094,
        "Volume": 2742270,
        "Close of Quarter": 9.2,
        "EPS": 1890.7,
        "Non-adjusted EPS": 3809,
        "PE": 2.4,
        "Book Price": 8.4
      }
    },
    {
      "quarter": "Q2 2010",
      "income status": {
        "Net sales": 41452,
        "Cost of goods sold": 37065,
        "Gross Profit": 4386,
        "Financial expenses": 1247,
        "Of which: Interest expense": 1345,
        "Cost of sales": 1048,
        "Enterprise cost management": 1247,
        "Total Operating Expenses": 3542,
        "Total revenue financing activities": 15,
        "Net profit from business activities": 859,
        "Profit": "N/A",
        "Profit before tax": 859,
        "Present corporate income tax expenses": 215,
        "Deferred income taxes expenses": "N/A",
        "The interests of minority shareholders": "N/A",
        "Total Cost of profits": 215,
        "Profit after tax corporate income": 645,
        "Volume": 2742270,
        "Close of Quarter": 9.9,
        "EPS": 3269.6,
        "Non-adjusted EPS": 6587,
        "PE": 1.5,
        "Book Price": 8.6
      }
    },
    {
      "quarter": "Q1 2010",
      "income status": {
        "Net sales": 47589,
        "Cost of goods sold": 40001,
        "Gross Profit": 7588,
        "Financial expenses": 817,
        "Of which: Interest expense": 817,
        "Cost of sales": 1267,
        "Enterprise cost management": 1135,
        "Total Operating Expenses": 3219,
        "Total revenue financing activities": 22,
        "Net profit from business activities": 4392,
        "Profit": "N/A",
        "Profit before tax": 4392,
        "Present corporate income tax expenses": 1098,
        "Deferred income taxes expenses": "N/A",
        "The interests of minority shareholders": "N/A",
        "Total Cost of profits": 1098,
        "Profit after tax corporate income": 3294,
        "Volume": 2742270,
        "Close of Quarter": "N/A",
        "EPS": 4173.4,
        "Non-adjusted EPS": 8408,
        "PE": "N/A",
        "Book Price": 8.5
      }
    },
    {
      "quarter": "Q4 2009",
      "income status": {
        "Net sales": 54774,
        "Cost of goods sold": 44338,
        "Gross Profit": 10436,
        "Financial expenses": 373,
        "Of which: Interest expense": 373,
        "Cost of sales": 1478,
        "Enterprise cost management": 1311,
        "Total Operating Expenses": 3162,
        "Total revenue financing activities": 27,
        "Net profit from business activities": 7302,
        "Profit": "N/A",
        "Profit before tax": 7302,
        "Present corporate income tax expenses": -297,
        "Deferred income taxes expenses": "N/A",
        "The interests of minority shareholders": "N/A",
        "Total Cost of profits": -297,
        "Profit after tax corporate income": 7599,
        "Volume": 2742270,
        "Close of Quarter": "N/A",
        "EPS": 4226.0,
        "Non-adjusted EPS": 8514,
        "PE": "N/A",
        "Book Price": "N/A"
      }
    },
    {
      "quarter": "Q3 2009",
      "income status": {
        "Net sales": 63482,
        "Cost of goods sold": 51653,
        "Gross Profit": 11829,
        "Financial expenses": 254,
        "Of which: Interest expense": 254,
        "Cost of sales": 1504,
        "Enterprise cost management": 1467,
        "Total Operating Expenses": 3225,
        "Total revenue financing activities": 96,
        "Net profit from business activities": 8700,
        "Profit": "N/A",
        "Profit before tax": 8700,
        "Present corporate income tax expenses": 2175,
        "Deferred income taxes expenses": "N/A",
        "The interests of minority shareholders": "N/A",
        "Total Cost of profits": 2175,
        "Profit after tax corporate income": 6525,
        "Volume": 2742270,
        "Close of Quarter": "N/A",
        "EPS": 2850.6,
        "Non-adjusted EPS": 5743,
        "PE": "N/A",
        "Book Price": "N/A"
      }
    },
    {
      "quarter": "Q2 2009",
      "income status": {
        "Net sales": 58770,
        "Cost of goods sold": 48186,
        "Gross Profit": 10585,
        "Financial expenses": 229,
        "Of which: Interest expense": 229,
        "Cost of sales": 1529,
        "Enterprise cost management": 1436,
        "Total Operating Expenses": 3194,
        "Total revenue financing activities": 82,
        "Net profit from business activities": 7471,
        "Profit": 46,
        "Profit before tax": 7517,
        "Present corporate income tax expenses": 1879,
        "Deferred income taxes expenses": "N/A",
        "The interests of minority shareholders": "N/A",
        "Total Cost of profits": 1879,
        "Profit after tax corporate income": 5638,
        "Volume": 2742270,
        "Close of Quarter": "N/A",
        "EPS": 1669.3,
        "Non-adjusted EPS": 3363,
        "PE": "N/A",
        "Book Price": "N/A"
      }
    },
    {
      "quarter": "Q1 2009",
      "income status": {
        "Net sales": 55861,
        "Cost of goods sold": 48669,
        "Gross Profit": 7192,
        "Financial expenses": 351,
        "Of which: Interest expense": 351,
        "Cost of sales": 1157,
        "Enterprise cost management": 957,
        "Total Operating Expenses": 2465,
        "Total revenue financing activities": 18,
        "Net profit from business activities": 4746,
        "Profit": 34,
        "Profit before tax": 4780,
        "Present corporate income tax expenses": 1195,
        "Deferred income taxes expenses": "N/A",
        "The interests of minority shareholders": "N/A",
        "Total Cost of profits": 1195,
        "Profit after tax corporate income": 3585,
        "Volume": 2742270,
        "Close of Quarter": "N/A",
        "EPS": 648.8,
        "Non-adjusted EPS": 1307,
        "PE": "N/A",
        "Book Price": "N/A"
      }
    }
  ]
}