{
  "ticker": "NKG",
  "data": [
    {
      "quarter": "Q1 2017",
      "income status": {
        "Net sales": 2392000,
        "Cost of goods sold": 2085180,
        "Gross Profit": 306820,
        "Financial expenses": 97521,
        "Of which: Interest expense": 52736,
        "Cost of sales": 48255,
        "Enterprise cost management": 14426,
        "Total Operating Expenses": 160202,
        "Total revenue financing activities": 44127,
        "Net profit from business activities": 190745,
        "Profit": -81,
        "Profit before tax": 190663,
        "Present corporate income tax expenses": 34737,
        "Deferred income taxes expenses": -5,
        "The interests of minority shareholders": -2,
        "Total Cost of profits": 34730,
        "Profit after tax corporate income": 155934,
        "Volume": 66034361,
        "Close of Quarter": 27,
        "EPS": 9231,
        "Non-adjusted EPS": 9231,
        "PE": 2.9,
        "Book Price": 26.3
      }
    },
    {
      "quarter": "Q4 2016",
      "income status": {
        "Net sales": 2458347,
        "Cost of goods sold": 2215957,
        "Gross Profit": 242390,
        "Financial expenses": 127295,
        "Of which: Interest expense": 39812,
        "Cost of sales": 54610,
        "Enterprise cost management": 14308,
        "Total Operating Expenses": 196213,
        "Total revenue financing activities": 32068,
        "Net profit from business activities": 78246,
        "Profit": -687,
        "Profit before tax": 77559,
        "Present corporate income tax expenses": 11908,
        "Deferred income taxes expenses": "N/A",
        "The interests of minority shareholders": "N/A",
        "Total Cost of profits": 11908,
        "Profit after tax corporate income": 65651,
        "Volume": 66034361,
        "Close of Quarter": 23.3,
        "EPS": 7868,
        "Non-adjusted EPS": 7868,
        "PE": 3.0,
        "Book Price": 23.9
      }
    },
    {
      "quarter": "Q3 2016",
      "income status": {
        "Net sales": 2504893,
        "Cost of goods sold": 2231189,
        "Gross Profit": 273704,
        "Financial expenses": 60792,
        "Of which: Interest expense": 27156,
        "Cost of sales": 47477,
        "Enterprise cost management": 13932,
        "Total Operating Expenses": 122201,
        "Total revenue financing activities": 21583,
        "Net profit from business activities": 173086,
        "Profit": 537,
        "Profit before tax": 173624,
        "Present corporate income tax expenses": 26402,
        "Deferred income taxes expenses": "N/A",
        "The interests of minority shareholders": "N/A",
        "Total Cost of profits": 26402,
        "Profit after tax corporate income": 147222,
        "Volume": 50034361,
        "Close of Quarter": 27.7,
        "EPS": 7225.5,
        "Non-adjusted EPS": 9536,
        "PE": 2.9,
        "Book Price": 16.5
      }
    },
    {
      "quarter": "Q2 2016",
      "income status": {
        "Net sales": 2174690,
        "Cost of goods sold": 1818278,
        "Gross Profit": 356412,
        "Financial expenses": 62213,
        "Of which: Interest expense": 31784,
        "Cost of sales": 30439,
        "Enterprise cost management": 12561,
        "Total Operating Expenses": 105213,
        "Total revenue financing activities": 28163,
        "Net profit from business activities": 279360,
        "Profit": -791,
        "Profit before tax": 278569,
        "Present corporate income tax expenses": 37796,
        "Deferred income taxes expenses": "N/A",
        "The interests of minority shareholders": "N/A",
        "Total Cost of profits": 37796,
        "Profit after tax corporate income": 240774,
        "Volume": 50034361,
        "Close of Quarter": 16.7,
        "EPS": 5561.5,
        "Non-adjusted EPS": 7340,
        "PE": 2.3,
        "Book Price": 14.3
      }
    },
    {
      "quarter": "Q1 2016",
      "income status": {
        "Net sales": 1798586,
        "Cost of goods sold": 1659120,
        "Gross Profit": 139465,
        "Financial expenses": 49166,
        "Of which: Interest expense": 26846,
        "Cost of sales": 29194,
        "Enterprise cost management": 13423,
        "Total Operating Expenses": 91783,
        "Total revenue financing activities": 28661,
        "Net profit from business activities": 76344,
        "Profit": 1858,
        "Profit before tax": 78201,
        "Present corporate income tax expenses": 12310,
        "Deferred income taxes expenses": "N/A",
        "The interests of minority shareholders": "N/A",
        "Total Cost of profits": 12310,
        "Profit after tax corporate income": 65891,
        "Volume": 50034361,
        "Close of Quarter": 8.6,
        "EPS": 2597.4,
        "Non-adjusted EPS": 3428,
        "PE": 2.5,
        "Book Price": 10.7
      }
    },
    {
      "quarter": "Q4 2015",
      "income status": {
        "Net sales": 1827615,
        "Cost of goods sold": 1714722,
        "Gross Profit": 112893,
        "Financial expenses": 64373,
        "Of which: Interest expense": 24633,
        "Cost of sales": 32869,
        "Enterprise cost management": 11683,
        "Total Operating Expenses": 108925,
        "Total revenue financing activities": 24678,
        "Net profit from business activities": 28646,
        "Profit": -193,
        "Profit before tax": 28453,
        "Present corporate income tax expenses": 5203,
        "Deferred income taxes expenses": "N/A",
        "The interests of minority shareholders": "N/A",
        "Total Cost of profits": 5203,
        "Profit after tax corporate income": 23250,
        "Volume": 43889920,
        "Close of Quarter": 7.4,
        "EPS": 1908.9,
        "Non-adjusted EPS": 2872,
        "PE": 2.6,
        "Book Price": 9.7
      }
    },
    {
      "quarter": "Q3 2015",
      "income status": {
        "Net sales": 1426007,
        "Cost of goods sold": 1288667,
        "Gross Profit": 137340,
        "Financial expenses": 64564,
        "Of which: Interest expense": 18009,
        "Cost of sales": 28947,
        "Enterprise cost management": 10258,
        "Total Operating Expenses": 103769,
        "Total revenue financing activities": 9914,
        "Net profit from business activities": 43486,
        "Profit": 1308,
        "Profit before tax": 44794,
        "Present corporate income tax expenses": 7464,
        "Deferred income taxes expenses": "N/A",
        "The interests of minority shareholders": "N/A",
        "Total Cost of profits": 7464,
        "Profit after tax corporate income": 37331,
        "Volume": 43091920,
        "Close of Quarter": 8.0,
        "EPS": 1871.6,
        "Non-adjusted EPS": 2868,
        "PE": 2.8,
        "Book Price": 9.2
      }
    },
    {
      "quarter": "Q2 2015",
      "income status": {
        "Net sales": 1321289,
        "Cost of goods sold": 1205160,
        "Gross Profit": 116130,
        "Financial expenses": 44375,
        "Of which: Interest expense": 25959,
        "Cost of sales": 14153,
        "Enterprise cost management": 10579,
        "Total Operating Expenses": 69107,
        "Total revenue financing activities": 4301,
        "Net profit from business activities": 51323,
        "Profit": 5460,
        "Profit before tax": 56783,
        "Present corporate income tax expenses": 11753,
        "Deferred income taxes expenses": "N/A",
        "The interests of minority shareholders": "N/A",
        "Total Cost of profits": 11753,
        "Profit after tax corporate income": 45030,
        "Volume": 39900000,
        "Close of Quarter": 8.1,
        "EPS": 1649.6,
        "Non-adjusted EPS": 2730,
        "PE": 3.0,
        "Book Price": 8.6
      }
    },
    {
      "quarter": "Q1 2015",
      "income status": {
        "Net sales": 1176537,
        "Cost of goods sold": 1107000,
        "Gross Profit": 69537,
        "Financial expenses": 22056,
        "Of which: Interest expense": 13183,
        "Cost of sales": 19867,
        "Enterprise cost management": 9132,
        "Total Operating Expenses": 51055,
        "Total revenue financing activities": 2811,
        "Net profit from business activities": 21292,
        "Profit": 5096,
        "Profit before tax": 26388,
        "Present corporate income tax expenses": 5937,
        "Deferred income taxes expenses": "N/A",
        "The interests of minority shareholders": "N/A",
        "Total Cost of profits": 5937,
        "Profit after tax corporate income": 20451,
        "Volume": 39900000,
        "Close of Quarter": 8.0,
        "EPS": 1337.2,
        "Non-adjusted EPS": 2213,
        "PE": 3.6,
        "Book Price": 8.0
      }
    },
    {
      "quarter": "Q4 2014",
      "income status": {
        "Net sales": 1456996,
        "Cost of goods sold": 1375757,
        "Gross Profit": 81240,
        "Financial expenses": 32513,
        "Of which: Interest expense": 22817,
        "Cost of sales": 21104,
        "Enterprise cost management": 18862,
        "Total Operating Expenses": 72479,
        "Total revenue financing activities": 4099,
        "Net profit from business activities": 12859,
        "Profit": 13768,
        "Profit before tax": 26627,
        "Present corporate income tax expenses": 5858,
        "Deferred income taxes expenses": "N/A",
        "The interests of minority shareholders": "N/A",
        "Total Cost of profits": 5858,
        "Profit after tax corporate income": 20769,
        "Volume": 39900000,
        "Close of Quarter": 7.3,
        "EPS": 1180.7,
        "Non-adjusted EPS": 1954,
        "PE": 3.7,
        "Book Price": 7.7
      }
    },
    {
      "quarter": "Q3 2014",
      "income status": {
        "Net sales": 1381329,
        "Cost of goods sold": 1305635,
        "Gross Profit": 75694,
        "Financial expenses": 26998,
        "Of which: Interest expense": 24188,
        "Cost of sales": 18457,
        "Enterprise cost management": 11600,
        "Total Operating Expenses": 57055,
        "Total revenue financing activities": 2229,
        "Net profit from business activities": 20869,
        "Profit": 1813,
        "Profit before tax": 22681,
        "Present corporate income tax expenses": "N/A",
        "Deferred income taxes expenses": "N/A",
        "The interests of minority shareholders": "N/A",
        "Total Cost of profits": 0,
        "Profit after tax corporate income": 22681,
        "Volume": 39900000,
        "Close of Quarter": 5.5,
        "EPS": 1068.9,
        "Non-adjusted EPS": 1769,
        "PE": 3.1,
        "Book Price": 7.4
      }
    },
    {
      "quarter": "Q2 2014",
      "income status": {
        "Net sales": 1530974,
        "Cost of goods sold": 1442911,
        "Gross Profit": 88063,
        "Financial expenses": 41080,
        "Of which: Interest expense": 28376,
        "Cost of sales": 18386,
        "Enterprise cost management": 12395,
        "Total Operating Expenses": 71861,
        "Total revenue financing activities": 3444,
        "Net profit from business activities": 19646,
        "Profit": 4760,
        "Profit before tax": 24406,
        "Present corporate income tax expenses": "N/A",
        "Deferred income taxes expenses": "N/A",
        "The interests of minority shareholders": "N/A",
        "Total Cost of profits": 0,
        "Profit after tax corporate income": 24406,
        "Volume": 29900000,
        "Close of Quarter": 5.0,
        "EPS": 754.8,
        "Non-adjusted EPS": 1667,
        "PE": 3.0,
        "Book Price": 5.5
      }
    },
    {
      "quarter": "Q1 2014",
      "income status": {
        "Net sales": 1466134,
        "Cost of goods sold": 1393744,
        "Gross Profit": 72390,
        "Financial expenses": 37999,
        "Of which: Interest expense": 33709,
        "Cost of sales": 17613,
        "Enterprise cost management": 10277,
        "Total Operating Expenses": 65889,
        "Total revenue financing activities": 1244,
        "Net profit from business activities": 7745,
        "Profit": 2378,
        "Profit before tax": 10123,
        "Present corporate income tax expenses": "N/A",
        "Deferred income taxes expenses": "N/A",
        "The interests of minority shareholders": "N/A",
        "Total Cost of profits": 0,
        "Profit after tax corporate income": 10123,
        "Volume": 29900000,
        "Close of Quarter": 7.3,
        "EPS": 612.2,
        "Non-adjusted EPS": 1352,
        "PE": 5.4,
        "Book Price": 5.2
      }
    },
    {
      "quarter": "Q4 2013",
      "income status": {
        "Net sales": 1495156,
        "Cost of goods sold": 1425790,
        "Gross Profit": 69365,
        "Financial expenses": 35182,
        "Of which: Interest expense": 34295,
        "Cost of sales": 11384,
        "Enterprise cost management": 14065,
        "Total Operating Expenses": 60631,
        "Total revenue financing activities": 3254,
        "Net profit from business activities": 11989,
        "Profit": 1379,
        "Profit before tax": 13367,
        "Present corporate income tax expenses": "N/A",
        "Deferred income taxes expenses": "N/A",
        "The interests of minority shareholders": "N/A",
        "Total Cost of profits": 0,
        "Profit after tax corporate income": 13367,
        "Volume": 29900000,
        "Close of Quarter": 4.8,
        "EPS": 841.3,
        "Non-adjusted EPS": 1858,
        "PE": 2.6,
        "Book Price": 5.1
      }
    },
    {
      "quarter": "Q3 2013",
      "income status": {
        "Net sales": 1128863,
        "Cost of goods sold": 1076920,
        "Gross Profit": 51944,
        "Financial expenses": 39276,
        "Of which: Interest expense": 37962,
        "Cost of sales": 6705,
        "Enterprise cost management": 9576,
        "Total Operating Expenses": 55557,
        "Total revenue financing activities": 5693,
        "Net profit from business activities": 2080,
        "Profit": -148,
        "Profit before tax": 1933,
        "Present corporate income tax expenses": "N/A",
        "Deferred income taxes expenses": "N/A",
        "The interests of minority shareholders": "N/A",
        "Total Cost of profits": 0,
        "Profit after tax corporate income": 1933,
        "Volume": 29900000,
        "Close of Quarter": 4.8,
        "EPS": -72.9,
        "Non-adjusted EPS": -161,
        "PE": -29.6,
        "Book Price": 4.8
      }
    },
    {
      "quarter": "Q2 2013",
      "income status": {
        "Net sales": 1172708,
        "Cost of goods sold": 1095700,
        "Gross Profit": 77008,
        "Financial expenses": 43054,
        "Of which: Interest expense": 40784,
        "Cost of sales": 17993,
        "Enterprise cost management": 9982,
        "Total Operating Expenses": 71029,
        "Total revenue financing activities": 5805,
        "Net profit from business activities": 11784,
        "Profit": 3609,
        "Profit before tax": 15393,
        "Present corporate income tax expenses": "N/A",
        "Deferred income taxes expenses": 398,
        "The interests of minority shareholders": "N/A",
        "Total Cost of profits": 398,
        "Profit after tax corporate income": 14995,
        "Volume": 29900000,
        "Close of Quarter": 7.3,
        "EPS": -944.1,
        "Non-adjusted EPS": -2085,
        "PE": -3.5,
        "Book Price": 4.8
      }
    },
    {
      "quarter": "Q1 2013",
      "income status": {
        "Net sales": 866722,
        "Cost of goods sold": 775491,
        "Gross Profit": 91231,
        "Financial expenses": 45447,
        "Of which: Interest expense": 43533,
        "Cost of sales": 9847,
        "Enterprise cost management": 14701,
        "Total Operating Expenses": 69995,
        "Total revenue financing activities": 2571,
        "Net profit from business activities": 23806,
        "Profit": 1500,
        "Profit before tax": 25306,
        "Present corporate income tax expenses": "N/A",
        "Deferred income taxes expenses": 35,
        "The interests of minority shareholders": "N/A",
        "Total Cost of profits": 35,
        "Profit after tax corporate income": 25272,
        "Volume": 29900000,
        "Close of Quarter": 3.8,
        "EPS": -1141.5,
        "Non-adjusted EPS": -2521,
        "PE": -1.5,
        "Book Price": 4.6
      }
    },
    {
      "quarter": "Q4 2012",
      "income status": {
        "Net sales": 773294,
        "Cost of goods sold": 759881,
        "Gross Profit": 13413,
        "Financial expenses": 41870,
        "Of which: Interest expense": "N/A",
        "Cost of sales": 3945,
        "Enterprise cost management": 14180,
        "Total Operating Expenses": 59995,
        "Total revenue financing activities": 248,
        "Net profit from business activities": -46334,
        "Profit": -685,
        "Profit before tax": -47018,
        "Present corporate income tax expenses": "N/A",
        "Deferred income taxes expenses": "N/A",
        "The interests of minority shareholders": "N/A",
        "Total Cost of profits": 0,
        "Profit after tax corporate income": -47018,
        "Volume": 29900000,
        "Close of Quarter": 5.2,
        "EPS": -1506.5,
        "Non-adjusted EPS": -3327,
        "PE": -1.6,
        "Book Price": 4.3
      }
    },
    {
      "quarter": "Q3 2012",
      "income status": {
        "Net sales": 542790,
        "Cost of goods sold": 536006,
        "Gross Profit": 6784,
        "Financial expenses": 41568,
        "Of which: Interest expense": "N/A",
        "Cost of sales": 7406,
        "Enterprise cost management": 14107,
        "Total Operating Expenses": 63081,
        "Total revenue financing activities": 697,
        "Net profit from business activities": -55600,
        "Profit": 134,
        "Profit before tax": -55466,
        "Present corporate income tax expenses": 45,
        "Deferred income taxes expenses": "N/A",
        "The interests of minority shareholders": 66,
        "Total Cost of profits": 111,
        "Profit after tax corporate income": -55577,
        "Volume": 29900000,
        "Close of Quarter": 5.6,
        "EPS": -1334.4,
        "Non-adjusted EPS": -2947,
        "PE": -1.9,
        "Book Price": 5.0
      }
    },
    {
      "quarter": "Q2 2012",
      "income status": {
        "Net sales": 790250,
        "Cost of goods sold": 737375,
        "Gross Profit": 52875,
        "Financial expenses": 38382,
        "Of which: Interest expense": 42189,
        "Cost of sales": 2872,
        "Enterprise cost management": 12779,
        "Total Operating Expenses": 54033,
        "Total revenue financing activities": 3908,
        "Net profit from business activities": 2750,
        "Profit": 397,
        "Profit before tax": 3147,
        "Present corporate income tax expenses": 734,
        "Deferred income taxes expenses": -16,
        "The interests of minority shareholders": 491,
        "Total Cost of profits": 1209,
        "Profit after tax corporate income": 1937,
        "Volume": 29900000,
        "Close of Quarter": 7.9,
        "EPS": -466.8,
        "Non-adjusted EPS": -1031,
        "PE": -7.7,
        "Book Price": 5.8
      }
    },
    {
      "quarter": "Q1 2012",
      "income status": {
        "Net sales": 891098,
        "Cost of goods sold": 841318,
        "Gross Profit": 49780,
        "Financial expenses": 39799,
        "Of which: Interest expense": 39791,
        "Cost of sales": 2206,
        "Enterprise cost management": 11924,
        "Total Operating Expenses": 53929,
        "Total revenue financing activities": 5275,
        "Net profit from business activities": 1126,
        "Profit": -17,
        "Profit before tax": 1109,
        "Present corporate income tax expenses": 105,
        "Deferred income taxes expenses": "N/A",
        "The interests of minority shareholders": -185,
        "Total Cost of profits": -80,
        "Profit after tax corporate income": 1189,
        "Volume": 29900000,
        "Close of Quarter": 6.3,
        "EPS": -635.3,
        "Non-adjusted EPS": -1403,
        "PE": -4.5,
        "Book Price": 5.8
      }
    },
    {
      "quarter": "Q4 2011",
      "income status": {
        "Net sales": 433645,
        "Cost of goods sold": 397083,
        "Gross Profit": 36562,
        "Financial expenses": 60106,
        "Of which: Interest expense": "N/A",
        "Cost of sales": 1410,
        "Enterprise cost management": 15775,
        "Total Operating Expenses": 77291,
        "Total revenue financing activities": 5072,
        "Net profit from business activities": -35657,
        "Profit": 38,
        "Profit before tax": 15661,
        "Present corporate income tax expenses": 20,
        "Deferred income taxes expenses": "N/A",
        "The interests of minority shareholders": 29,
        "Total Cost of profits": 49,
        "Profit after tax corporate income": -35668,
        "Volume": 29900000,
        "Close of Quarter": 7.4,
        "EPS": 61.1,
        "Non-adjusted EPS": 135,
        "PE": 55.0,
        "Book Price": 5.8
      }
    },
    {
      "quarter": "Q3 2011",
      "income status": {
        "Net sales": 848158,
        "Cost of goods sold": 808684,
        "Gross Profit": 39473,
        "Financial expenses": 34679,
        "Of which: Interest expense": "N/A",
        "Cost of sales": 3854,
        "Enterprise cost management": 2769,
        "Total Operating Expenses": 41302,
        "Total revenue financing activities": 4111,
        "Net profit from business activities": 2281,
        "Profit": 3,
        "Profit before tax": 2285,
        "Present corporate income tax expenses": 472,
        "Deferred income taxes expenses": "N/A",
        "The interests of minority shareholders": 85,
        "Total Cost of profits": 557,
        "Profit after tax corporate income": 1728,
        "Volume": 23000000,
        "Close of Quarter": 8.4,
        "EPS": 761.7,
        "Non-adjusted EPS": 2187,
        "PE": 3.8,
        "Book Price": 6.4
      }
    },
    {
      "quarter": "Q2 2011",
      "income status": {
        "Net sales": 504429,
        "Cost of goods sold": 455871,
        "Gross Profit": 48558,
        "Financial expenses": 45104,
        "Of which: Interest expense": "N/A",
        "Cost of sales": 2813,
        "Enterprise cost management": 11823,
        "Total Operating Expenses": 59740,
        "Total revenue financing activities": 1958,
        "Net profit from business activities": -9223,
        "Profit": 13,
        "Profit before tax": -9210,
        "Present corporate income tax expenses": "N/A",
        "Deferred income taxes expenses": "N/A",
        "The interests of minority shareholders": "N/A",
        "Total Cost of profits": 0,
        "Profit after tax corporate income": -9210,
        "Volume": 23000000,
        "Close of Quarter": 9.4,
        "EPS": 1077.7,
        "Non-adjusted EPS": 3094,
        "PE": 3.1,
        "Book Price": 6.4
      }
    },
    {
      "quarter": "Q1 2011",
      "income status": {
        "Net sales": 795802,
        "Cost of goods sold": 712647,
        "Gross Profit": 83154,
        "Financial expenses": 25106,
        "Of which: Interest expense": "N/A",
        "Cost of sales": 5422,
        "Enterprise cost management": 3398,
        "Total Operating Expenses": 33926,
        "Total revenue financing activities": 9125,
        "Net profit from business activities": 58354,
        "Profit": -46,
        "Profit before tax": 58308,
        "Present corporate income tax expenses": 11089,
        "Deferred income taxes expenses": "N/A",
        "The interests of minority shareholders": 18,
        "Total Cost of profits": 11107,
        "Profit after tax corporate income": 47201,
        "Volume": 23000000,
        "Close of Quarter": 10.3,
        "EPS": 1831.7,
        "Non-adjusted EPS": 5259,
        "PE": 2.0,
        "Book Price": 6.5
      }
    },
    {
      "quarter": "Q4 2010",
      "income status": {
        "Net sales": 904059,
        "Cost of goods sold": 842083,
        "Gross Profit": 61976,
        "Financial expenses": 43844,
        "Of which: Interest expense": "N/A",
        "Cost of sales": "N/A",
        "Enterprise cost management": 8574,
        "Total Operating Expenses": 52418,
        "Total revenue financing activities": 3873,
        "Net profit from business activities": 13432,
        "Profit": -203,
        "Profit before tax": 13228,
        "Present corporate income tax expenses": 2563,
        "Deferred income taxes expenses": "N/A",
        "The interests of minority shareholders": 87,
        "Total Cost of profits": 2650,
        "Profit after tax corporate income": 10578,
        "Volume": 23000000,
        "Close of Quarter": "N/A",
        "EPS": 1692.8,
        "Non-adjusted EPS": 4860,
        "PE": "N/A",
        "Book Price": 6.0
      }
    },
    {
      "quarter": "Q3 2010",
      "income status": {
        "Net sales": 776745,
        "Cost of goods sold": 707749,
        "Gross Profit": 68996,
        "Financial expenses": 35125,
        "Of which: Interest expense": "N/A",
        "Cost of sales": "N/A",
        "Enterprise cost management": 7998,
        "Total Operating Expenses": 43123,
        "Total revenue financing activities": 136,
        "Net profit from business activities": 26008,
        "Profit": -18,
        "Profit before tax": 25990,
        "Present corporate income tax expenses": 3353,
        "Deferred income taxes expenses": "N/A",
        "The interests of minority shareholders": 46,
        "Total Cost of profits": 3399,
        "Profit after tax corporate income": 22591,
        "Volume": 23000000,
        "Close of Quarter": "N/A",
        "EPS": 2017.7,
        "Non-adjusted EPS": 5793,
        "PE": "N/A",
        "Book Price": 6.0
      }
    },
    {
      "quarter": "Q2 2010",
      "income status": {
        "Net sales": 454718,
        "Cost of goods sold": 386378,
        "Gross Profit": 68340,
        "Financial expenses": 21360,
        "Of which: Interest expense": "N/A",
        "Cost of sales": "N/A",
        "Enterprise cost management": 3770,
        "Total Operating Expenses": 25130,
        "Total revenue financing activities": 3180,
        "Net profit from business activities": 46391,
        "Profit": -3,
        "Profit before tax": 46389,
        "Present corporate income tax expenses": 5799,
        "Deferred income taxes expenses": "N/A",
        "The interests of minority shareholders": "N/A",
        "Total Cost of profits": 5799,
        "Profit after tax corporate income": 40590,
        "Volume": 23000000,
        "Close of Quarter": "N/A",
        "EPS": 2063.7,
        "Non-adjusted EPS": 5925,
        "PE": "N/A",
        "Book Price": "N/A"
      }
    },
    {
      "quarter": "Q1 2010",
      "income status": {
        "Net sales": 432327,
        "Cost of goods sold": 375756,
        "Gross Profit": 56570,
        "Financial expenses": 11522,
        "Of which: Interest expense": "N/A",
        "Cost of sales": "N/A",
        "Enterprise cost management": 3113,
        "Total Operating Expenses": 14635,
        "Total revenue financing activities": 1590,
        "Net profit from business activities": 43525,
        "Profit": -79,
        "Profit before tax": 43446,
        "Present corporate income tax expenses": 5431,
        "Deferred income taxes expenses": "N/A",
        "The interests of minority shareholders": "N/A",
        "Total Cost of profits": 5431,
        "Profit after tax corporate income": 38015,
        "Volume": 23000000,
        "Close of Quarter": "N/A",
        "EPS": 1448.9,
        "Non-adjusted EPS": 4160,
        "PE": "N/A",
        "Book Price": "N/A"
      }
    },
    {
      "quarter": "Q4 2009",
      "income status": {
        "Net sales": 590258,
        "Cost of goods sold": 524438,
        "Gross Profit": 65820,
        "Financial expenses": 20316,
        "Of which: Interest expense": "N/A",
        "Cost of sales": "N/A",
        "Enterprise cost management": 10832,
        "Total Operating Expenses": 31148,
        "Total revenue financing activities": 1797,
        "Net profit from business activities": 36469,
        "Profit": 139,
        "Profit before tax": 36608,
        "Present corporate income tax expenses": 4576,
        "Deferred income taxes expenses": "N/A",
        "The interests of minority shareholders": "N/A",
        "Total Cost of profits": 4576,
        "Profit after tax corporate income": 32032,
        "Volume": 23000000,
        "Close of Quarter": "N/A",
        "EPS": 873.6,
        "Non-adjusted EPS": 2508,
        "PE": "N/A",
        "Book Price": 2.7
      }
    },
    {
      "quarter": "Q3 2009",
      "income status": {
        "Net sales": 553789,
        "Cost of goods sold": 505936,
        "Gross Profit": 47852,
        "Financial expenses": 13411,
        "Of which: Interest expense": "N/A",
        "Cost of sales": "N/A",
        "Enterprise cost management": 5910,
        "Total Operating Expenses": 19321,
        "Total revenue financing activities": 757,
        "Net profit from business activities": 29288,
        "Profit": 20,
        "Profit before tax": 29308,
        "Present corporate income tax expenses": 3663,
        "Deferred income taxes expenses": "N/A",
        "The interests of minority shareholders": "N/A",
        "Total Cost of profits": 3663,
        "Profit after tax corporate income": 25644,
        "Volume": 23000000,
        "Close of Quarter": "N/A",
        "EPS": 388.4,
        "Non-adjusted EPS": 1115,
        "PE": "N/A",
        "Book Price": "N/A"
      }
    }
  ]
}