{
  "ticker": "ITQ",
  "data": [
    {
      "quarter": "Q1 2017",
      "income status": {
        "Net sales": 91534,
        "Cost of goods sold": 85238,
        "Gross Profit": 6296,
        "Financial expenses": 1733,
        "Of which: Interest expense": 1691,
        "Cost of sales": 1487,
        "Enterprise cost management": 2300,
        "Total Operating Expenses": 5520,
        "Total revenue financing activities": 38,
        "Net profit from business activities": 814,
        "Profit": 33,
        "Profit before tax": 847,
        "Present corporate income tax expenses": 169,
        "Deferred income taxes expenses": "N/A",
        "The interests of minority shareholders": "N/A",
        "Total Cost of profits": 169,
        "Profit after tax corporate income": 677,
        "Volume": 23843305,
        "Close of Quarter": 3.2,
        "EPS": 47,
        "Non-adjusted EPS": 47,
        "PE": 68.1,
        "Book Price": 10.4
      }
    },
    {
      "quarter": "Q4 2016",
      "income status": {
        "Net sales": 128075,
        "Cost of goods sold": 121625,
        "Gross Profit": 6450,
        "Financial expenses": 2918,
        "Of which: Interest expense": 2089,
        "Cost of sales": 2015,
        "Enterprise cost management": 3077,
        "Total Operating Expenses": 8010,
        "Total revenue financing activities": 1282,
        "Net profit from business activities": -278,
        "Profit": 15,
        "Profit before tax": -263,
        "Present corporate income tax expenses": "N/A",
        "Deferred income taxes expenses": "N/A",
        "The interests of minority shareholders": "N/A",
        "Total Cost of profits": 0,
        "Profit after tax corporate income": -263,
        "Volume": 23843305,
        "Close of Quarter": 3,
        "EPS": 24,
        "Non-adjusted EPS": 24,
        "PE": 125,
        "Book Price": 10.4
      }
    },
    {
      "quarter": "Q3 2016",
      "income status": {
        "Net sales": 93322,
        "Cost of goods sold": 91021,
        "Gross Profit": 2301,
        "Financial expenses": 1950,
        "Of which: Interest expense": 7865,
        "Cost of sales": 1505,
        "Enterprise cost management": 2453,
        "Total Operating Expenses": 5908,
        "Total revenue financing activities": 107,
        "Net profit from business activities": -3500,
        "Profit": 289,
        "Profit before tax": -3211,
        "Present corporate income tax expenses": "N/A",
        "Deferred income taxes expenses": "N/A",
        "The interests of minority shareholders": "N/A",
        "Total Cost of profits": 0,
        "Profit after tax corporate income": -3211,
        "Volume": 23843305,
        "Close of Quarter": 3.5,
        "EPS": 103,
        "Non-adjusted EPS": 103,
        "PE": 34.0,
        "Book Price": 10.4
      }
    },
    {
      "quarter": "Q2 2016",
      "income status": {
        "Net sales": 89358,
        "Cost of goods sold": 80097,
        "Gross Profit": 9261,
        "Financial expenses": 2251,
        "Of which: Interest expense": 2169,
        "Cost of sales": 948,
        "Enterprise cost management": 1653,
        "Total Operating Expenses": 4852,
        "Total revenue financing activities": 390,
        "Net profit from business activities": 4800,
        "Profit": 144,
        "Profit before tax": 4944,
        "Present corporate income tax expenses": 1025,
        "Deferred income taxes expenses": "N/A",
        "The interests of minority shareholders": "N/A",
        "Total Cost of profits": 1025,
        "Profit after tax corporate income": 3918,
        "Volume": 23843305,
        "Close of Quarter": 6.2,
        "EPS": 282,
        "Non-adjusted EPS": 282,
        "PE": 22.0,
        "Book Price": 10.5
      }
    },
    {
      "quarter": "Q1 2016",
      "income status": {
        "Net sales": 83934,
        "Cost of goods sold": 78493,
        "Gross Profit": 5441,
        "Financial expenses": 2369,
        "Of which: Interest expense": 2161,
        "Cost of sales": 916,
        "Enterprise cost management": 2598,
        "Total Operating Expenses": 5883,
        "Total revenue financing activities": 521,
        "Net profit from business activities": 79,
        "Profit": 83,
        "Profit before tax": 162,
        "Present corporate income tax expenses": 36,
        "Deferred income taxes expenses": "N/A",
        "The interests of minority shareholders": "N/A",
        "Total Cost of profits": 36,
        "Profit after tax corporate income": 126,
        "Volume": 23843305,
        "Close of Quarter": 7,
        "EPS": 564,
        "Non-adjusted EPS": 564,
        "PE": 12.4,
        "Book Price": 10.9
      }
    },
    {
      "quarter": "Q4 2015",
      "income status": {
        "Net sales": 130157,
        "Cost of goods sold": 120036,
        "Gross Profit": 10121,
        "Financial expenses": 4132,
        "Of which: Interest expense": 2404,
        "Cost of sales": 2006,
        "Enterprise cost management": 2851,
        "Total Operating Expenses": 8989,
        "Total revenue financing activities": 1033,
        "Net profit from business activities": 2165,
        "Profit": -22,
        "Profit before tax": 2143,
        "Present corporate income tax expenses": 515,
        "Deferred income taxes expenses": "N/A",
        "The interests of minority shareholders": "N/A",
        "Total Cost of profits": 515,
        "Profit after tax corporate income": 1628,
        "Volume": 23843305,
        "Close of Quarter": 5.3,
        "EPS": 738,
        "Non-adjusted EPS": 738,
        "PE": 7.2,
        "Book Price": 10.9
      }
    },
    {
      "quarter": "Q3 2015",
      "income status": {
        "Net sales": 111726,
        "Cost of goods sold": 104785,
        "Gross Profit": 6941,
        "Financial expenses": 3055,
        "Of which: Interest expense": 2331,
        "Cost of sales": 837,
        "Enterprise cost management": 1973,
        "Total Operating Expenses": 5865,
        "Total revenue financing activities": 267,
        "Net profit from business activities": 1342,
        "Profit": "N/A",
        "Profit before tax": 1342,
        "Present corporate income tax expenses": 295,
        "Deferred income taxes expenses": "N/A",
        "The interests of minority shareholders": "N/A",
        "Total Cost of profits": 295,
        "Profit after tax corporate income": 1047,
        "Volume": 23843305,
        "Close of Quarter": 7.8,
        "EPS": 983,
        "Non-adjusted EPS": 983,
        "PE": 8.0,
        "Book Price": 10.8
      }
    },
    {
      "quarter": "Q2 2015",
      "income status": {
        "Net sales": 153509,
        "Cost of goods sold": 135640,
        "Gross Profit": 17869,
        "Financial expenses": 2366,
        "Of which: Interest expense": 1813,
        "Cost of sales": 929,
        "Enterprise cost management": 1504,
        "Total Operating Expenses": 4799,
        "Total revenue financing activities": 271,
        "Net profit from business activities": 13340,
        "Profit": 328,
        "Profit before tax": 13668,
        "Present corporate income tax expenses": 3022,
        "Deferred income taxes expenses": "N/A",
        "The interests of minority shareholders": "N/A",
        "Total Cost of profits": 3022,
        "Profit after tax corporate income": 10646,
        "Volume": 15505998,
        "Close of Quarter": 9.4,
        "EPS": 1000.2,
        "Non-adjusted EPS": 1538,
        "PE": 6.1,
        "Book Price": 7.2
      }
    },
    {
      "quarter": "Q1 2015",
      "income status": {
        "Net sales": 139186,
        "Cost of goods sold": 129799,
        "Gross Profit": 9387,
        "Financial expenses": 1794,
        "Of which: Interest expense": 1794,
        "Cost of sales": 1061,
        "Enterprise cost management": 1578,
        "Total Operating Expenses": 4433,
        "Total revenue financing activities": 474,
        "Net profit from business activities": 5428,
        "Profit": 45,
        "Profit before tax": 5473,
        "Present corporate income tax expenses": 1204,
        "Deferred income taxes expenses": "N/A",
        "The interests of minority shareholders": "N/A",
        "Total Cost of profits": 1204,
        "Profit after tax corporate income": 4269,
        "Volume": 15505998,
        "Close of Quarter": 15.8,
        "EPS": 826.6,
        "Non-adjusted EPS": 1271,
        "PE": 12.5,
        "Book Price": 6.8
      }
    },
    {
      "quarter": "Q4 2014",
      "income status": {
        "Net sales": 120881,
        "Cost of goods sold": 105766,
        "Gross Profit": 15116,
        "Financial expenses": 2310,
        "Of which: Interest expense": 1583,
        "Cost of sales": 877,
        "Enterprise cost management": 1976,
        "Total Operating Expenses": 5163,
        "Total revenue financing activities": 7,
        "Net profit from business activities": 9959,
        "Profit": -374,
        "Profit before tax": 9585,
        "Present corporate income tax expenses": 2109,
        "Deferred income taxes expenses": "N/A",
        "The interests of minority shareholders": "N/A",
        "Total Cost of profits": 2109,
        "Profit after tax corporate income": 7476,
        "Volume": 15505998,
        "Close of Quarter": 25.3,
        "EPS": 788.2,
        "Non-adjusted EPS": 1212,
        "PE": 20.9,
        "Book Price": 7.3
      }
    },
    {
      "quarter": "Q3 2014",
      "income status": {
        "Net sales": 139607,
        "Cost of goods sold": 134292,
        "Gross Profit": 5314,
        "Financial expenses": 1360,
        "Of which: Interest expense": 7360,
        "Cost of sales": 854,
        "Enterprise cost management": 1295,
        "Total Operating Expenses": 3509,
        "Total revenue financing activities": 5,
        "Net profit from business activities": 1810,
        "Profit": 59,
        "Profit before tax": 1870,
        "Present corporate income tax expenses": 411,
        "Deferred income taxes expenses": "N/A",
        "The interests of minority shareholders": "N/A",
        "Total Cost of profits": 411,
        "Profit after tax corporate income": 1458,
        "Volume": 10300000,
        "Close of Quarter": 8.2,
        "EPS": 480.4,
        "Non-adjusted EPS": 1112,
        "PE": 7.4,
        "Book Price": 4.9
      }
    },
    {
      "quarter": "Q2 2014",
      "income status": {
        "Net sales": 173946,
        "Cost of goods sold": 162114,
        "Gross Profit": 11832,
        "Financial expenses": 1650,
        "Of which: Interest expense": 1490,
        "Cost of sales": 901,
        "Enterprise cost management": 1216,
        "Total Operating Expenses": 3767,
        "Total revenue financing activities": 3,
        "Net profit from business activities": 8068,
        "Profit": 107,
        "Profit before tax": 8175,
        "Present corporate income tax expenses": 1665,
        "Deferred income taxes expenses": "N/A",
        "The interests of minority shareholders": "N/A",
        "Total Cost of profits": 1665,
        "Profit after tax corporate income": 6510,
        "Volume": 10300000,
        "Close of Quarter": 7.8,
        "EPS": 448.0,
        "Non-adjusted EPS": 1037,
        "PE": 7.5,
        "Book Price": 4.8
      }
    },
    {
      "quarter": "Q1 2014",
      "income status": {
        "Net sales": 119822,
        "Cost of goods sold": 111438,
        "Gross Profit": 8384,
        "Financial expenses": 1720,
        "Of which: Interest expense": 1687,
        "Cost of sales": 761,
        "Enterprise cost management": 1406,
        "Total Operating Expenses": 3887,
        "Total revenue financing activities": 2,
        "Net profit from business activities": 4499,
        "Profit": -32,
        "Profit before tax": 4466,
        "Present corporate income tax expenses": 1117,
        "Deferred income taxes expenses": "N/A",
        "The interests of minority shareholders": "N/A",
        "Total Cost of profits": 1117,
        "Profit after tax corporate income": 3350,
        "Volume": 10000000,
        "Close of Quarter": 5.6,
        "EPS": 229.4,
        "Non-adjusted EPS": 547,
        "PE": 10.3,
        "Book Price": 4.6
      }
    },
    {
      "quarter": "Q4 2013",
      "income status": {
        "Net sales": 164606,
        "Cost of goods sold": 160664,
        "Gross Profit": 3941,
        "Financial expenses": 2033,
        "Of which: Interest expense": 1856,
        "Cost of sales": 438,
        "Enterprise cost management": 1317,
        "Total Operating Expenses": 3788,
        "Total revenue financing activities": 2,
        "Net profit from business activities": 155,
        "Profit": 32,
        "Profit before tax": 187,
        "Present corporate income tax expenses": 47,
        "Deferred income taxes expenses": "N/A",
        "The interests of minority shareholders": "N/A",
        "Total Cost of profits": 47,
        "Profit after tax corporate income": 140,
        "Volume": 10000000,
        "Close of Quarter": 4.5,
        "EPS": 111.6,
        "Non-adjusted EPS": 266,
        "PE": 17.0,
        "Book Price": 4.5
      }
    },
    {
      "quarter": "Q3 2013",
      "income status": {
        "Net sales": 102593,
        "Cost of goods sold": 97672,
        "Gross Profit": 4921,
        "Financial expenses": 2391,
        "Of which: Interest expense": 2385,
        "Cost of sales": 472,
        "Enterprise cost management": 1186,
        "Total Operating Expenses": 4049,
        "Total revenue financing activities": 3,
        "Net profit from business activities": 874,
        "Profit": 36,
        "Profit before tax": 911,
        "Present corporate income tax expenses": 228,
        "Deferred income taxes expenses": "N/A",
        "The interests of minority shareholders": "N/A",
        "Total Cost of profits": 228,
        "Profit after tax corporate income": 683,
        "Volume": 10000000,
        "Close of Quarter": 4.0,
        "EPS": 17.6,
        "Non-adjusted EPS": 42,
        "PE": 95.7,
        "Book Price": 4.4
      }
    },
    {
      "quarter": "Q2 2013",
      "income status": {
        "Net sales": 135738,
        "Cost of goods sold": 129380,
        "Gross Profit": 6359,
        "Financial expenses": 3096,
        "Of which: Interest expense": 5241,
        "Cost of sales": 599,
        "Enterprise cost management": 1061,
        "Total Operating Expenses": 4756,
        "Total revenue financing activities": 3,
        "Net profit from business activities": 1605,
        "Profit": 129,
        "Profit before tax": 1734,
        "Present corporate income tax expenses": 434,
        "Deferred income taxes expenses": "N/A",
        "The interests of minority shareholders": "N/A",
        "Total Cost of profits": 434,
        "Profit after tax corporate income": 1301,
        "Volume": 10000000,
        "Close of Quarter": 6.2,
        "EPS": 38.2,
        "Non-adjusted EPS": 91,
        "PE": 68.6,
        "Book Price": 4.4
      }
    },
    {
      "quarter": "Q1 2013",
      "income status": {
        "Net sales": 66761,
        "Cost of goods sold": 61695,
        "Gross Profit": 5065,
        "Financial expenses": 2742,
        "Of which: Interest expense": "N/A",
        "Cost of sales": 539,
        "Enterprise cost management": 1176,
        "Total Operating Expenses": 4457,
        "Total revenue financing activities": 3,
        "Net profit from business activities": 611,
        "Profit": 98,
        "Profit before tax": 709,
        "Present corporate income tax expenses": 177,
        "Deferred income taxes expenses": "N/A",
        "The interests of minority shareholders": "N/A",
        "Total Cost of profits": 177,
        "Profit after tax corporate income": 532,
        "Volume": 10000000,
        "Close of Quarter": 11.0,
        "EPS": 33.1,
        "Non-adjusted EPS": 79,
        "PE": 138.6,
        "Book Price": 4.4
      }
    },
    {
      "quarter": "Q4 2012",
      "income status": {
        "Net sales": 144147,
        "Cost of goods sold": 142228,
        "Gross Profit": 1919,
        "Financial expenses": 2680,
        "Of which: Interest expense": "N/A",
        "Cost of sales": 514,
        "Enterprise cost management": 942,
        "Total Operating Expenses": 4136,
        "Total revenue financing activities": 21,
        "Net profit from business activities": -2196,
        "Profit": 102,
        "Profit before tax": -2094,
        "Present corporate income tax expenses": "N/A",
        "Deferred income taxes expenses": "N/A",
        "The interests of minority shareholders": "N/A",
        "Total Cost of profits": 0,
        "Profit after tax corporate income": -2094,
        "Volume": 10000000,
        "Close of Quarter": 12.3,
        "EPS": 10.9,
        "Non-adjusted EPS": 26,
        "PE": 473.9,
        "Book Price": 4.3
      }
    },
    {
      "quarter": "Q3 2012",
      "income status": {
        "Net sales": 94839,
        "Cost of goods sold": 88864,
        "Gross Profit": 5976,
        "Financial expenses": 3154,
        "Of which: Interest expense": "N/A",
        "Cost of sales": 343,
        "Enterprise cost management": 1046,
        "Total Operating Expenses": 4543,
        "Total revenue financing activities": 121,
        "Net profit from business activities": 1554,
        "Profit": 2,
        "Profit before tax": 1556,
        "Present corporate income tax expenses": 389,
        "Deferred income taxes expenses": "N/A",
        "The interests of minority shareholders": "N/A",
        "Total Cost of profits": 389,
        "Profit after tax corporate income": 1167,
        "Volume": 10000000,
        "Close of Quarter": "N/A",
        "EPS": 99.0,
        "Non-adjusted EPS": 236,
        "PE": "N/A",
        "Book Price": 4.4
      }
    },
    {
      "quarter": "Q2 2012",
      "income status": {
        "Net sales": 105327,
        "Cost of goods sold": 97996,
        "Gross Profit": 7331,
        "Financial expenses": 4214,
        "Of which: Interest expense": 3570,
        "Cost of sales": 473,
        "Enterprise cost management": 1134,
        "Total Operating Expenses": 5821,
        "Total revenue financing activities": 220,
        "Net profit from business activities": 1730,
        "Profit": "N/A",
        "Profit before tax": 1730,
        "Present corporate income tax expenses": 542,
        "Deferred income taxes expenses": "N/A",
        "The interests of minority shareholders": "N/A",
        "Total Cost of profits": 542,
        "Profit after tax corporate income": 1188,
        "Volume": 10000000,
        "Close of Quarter": "N/A",
        "EPS": 49.9,
        "Non-adjusted EPS": 119,
        "PE": "N/A",
        "Book Price": 4.4
      }
    }
  ]
}