{
  "ticker": "TH1",
  "data": [
    {
      "quarter": "Q1 2017",
      "income status": {
        "Net sales": 79077,
        "Cost of goods sold": 71665,
        "Gross Profit": 7412,
        "Financial expenses": -13525,
        "Of which: Interest expense": 20149,
        "Cost of sales": 1722,
        "Enterprise cost management": 4691,
        "Total Operating Expenses": -7112,
        "Total revenue financing activities": 12941,
        "Net profit from business activities": 27466,
        "Profit": 2116,
        "Profit before tax": 29581,
        "Present corporate income tax expenses": 481,
        "Deferred income taxes expenses": "N/A",
        "The interests of minority shareholders": "N/A",
        "Total Cost of profits": 481,
        "Profit after tax corporate income": 29100,
        "Volume": 13539226,
        "Close of Quarter": 7.2,
        "EPS": -7239,
        "Non-adjusted EPS": -7239,
        "PE": -1.0,
        "Book Price": 5.8
      }
    },
    {
      "quarter": "Q4 2016",
      "income status": {
        "Net sales": 36970,
        "Cost of goods sold": 29488,
        "Gross Profit": 7482,
        "Financial expenses": 45707,
        "Of which: Interest expense": 21367,
        "Cost of sales": 2138,
        "Enterprise cost management": 65942,
        "Total Operating Expenses": 113787,
        "Total revenue financing activities": 13355,
        "Net profit from business activities": -92951,
        "Profit": 322,
        "Profit before tax": -92628,
        "Present corporate income tax expenses": "N/A",
        "Deferred income taxes expenses": "N/A",
        "The interests of minority shareholders": "N/A",
        "Total Cost of profits": 0,
        "Profit after tax corporate income": -92628,
        "Volume": 13539226,
        "Close of Quarter": 10.4,
        "EPS": -10542,
        "Non-adjusted EPS": -10542,
        "PE": -1.0,
        "Book Price": 3
      }
    },
    {
      "quarter": "Q3 2016",
      "income status": {
        "Net sales": 73158,
        "Cost of goods sold": 74870,
        "Gross Profit": -1711,
        "Financial expenses": 37277,
        "Of which: Interest expense": 20742,
        "Cost of sales": 2349,
        "Enterprise cost management": 4788,
        "Total Operating Expenses": 44414,
        "Total revenue financing activities": 13426,
        "Net profit from business activities": -32699,
        "Profit": -6280,
        "Profit before tax": -38980,
        "Present corporate income tax expenses": "N/A",
        "Deferred income taxes expenses": "N/A",
        "The interests of minority shareholders": "N/A",
        "Total Cost of profits": 0,
        "Profit after tax corporate income": -38980,
        "Volume": 13539226,
        "Close of Quarter": 16.5,
        "EPS": -13542,
        "Non-adjusted EPS": -13542,
        "PE": -1.2,
        "Book Price": 9.9
      }
    },
    {
      "quarter": "Q2 2016",
      "income status": {
        "Net sales": 125262,
        "Cost of goods sold": 118480,
        "Gross Profit": 6783,
        "Financial expenses": 8156,
        "Of which: Interest expense": 20630,
        "Cost of sales": 2578,
        "Enterprise cost management": 4022,
        "Total Operating Expenses": 14756,
        "Total revenue financing activities": 13026,
        "Net profit from business activities": 5051,
        "Profit": -340,
        "Profit before tax": 4712,
        "Present corporate income tax expenses": 214,
        "Deferred income taxes expenses": "N/A",
        "The interests of minority shareholders": "N/A",
        "Total Cost of profits": 214,
        "Profit after tax corporate income": 4498,
        "Volume": 13539226,
        "Close of Quarter": 11.9,
        "EPS": -12403,
        "Non-adjusted EPS": -12403,
        "PE": -1.0,
        "Book Price": 12.7
      }
    },
    {
      "quarter": "Q1 2016",
      "income status": {
        "Net sales": 72097,
        "Cost of goods sold": 64467,
        "Gross Profit": 7630,
        "Financial expenses": 37011,
        "Of which: Interest expense": 26566,
        "Cost of sales": 2551,
        "Enterprise cost management": 3631,
        "Total Operating Expenses": 43193,
        "Total revenue financing activities": 20515,
        "Net profit from business activities": -15048,
        "Profit": -571,
        "Profit before tax": -15620,
        "Present corporate income tax expenses": "N/A",
        "Deferred income taxes expenses": "N/A",
        "The interests of minority shareholders": "N/A",
        "Total Cost of profits": 0,
        "Profit after tax corporate income": -15620,
        "Volume": 13539226,
        "Close of Quarter": 18.5,
        "EPS": -12711,
        "Non-adjusted EPS": -12711,
        "PE": -1.5,
        "Book Price": 12.4
      }
    },
    {
      "quarter": "Q4 2015",
      "income status": {
        "Net sales": 156173,
        "Cost of goods sold": 161500,
        "Gross Profit": -5326,
        "Financial expenses": 28451,
        "Of which: Interest expense": 17798,
        "Cost of sales": 4060,
        "Enterprise cost management": 104104,
        "Total Operating Expenses": 136615,
        "Total revenue financing activities": 10107,
        "Net profit from business activities": -131834,
        "Profit": -1416,
        "Profit before tax": -133250,
        "Present corporate income tax expenses": "N/A",
        "Deferred income taxes expenses": "N/A",
        "The interests of minority shareholders": "N/A",
        "Total Cost of profits": 0,
        "Profit after tax corporate income": -133250,
        "Volume": 12594816,
        "Close of Quarter": 19.1,
        "EPS": -11459.7,
        "Non-adjusted EPS": -12319,
        "PE": -1.6,
        "Book Price": 12
      }
    },
    {
      "quarter": "Q3 2015",
      "income status": {
        "Net sales": 275612,
        "Cost of goods sold": 272252,
        "Gross Profit": 3360,
        "Financial expenses": 40266,
        "Of which: Interest expense": 17193,
        "Cost of sales": 5081,
        "Enterprise cost management": -7332,
        "Total Operating Expenses": 38015,
        "Total revenue financing activities": 12296,
        "Net profit from business activities": -22359,
        "Profit": -1194,
        "Profit before tax": -23553,
        "Present corporate income tax expenses": "N/A",
        "Deferred income taxes expenses": "N/A",
        "The interests of minority shareholders": "N/A",
        "Total Cost of profits": 0,
        "Profit after tax corporate income": -23553,
        "Volume": 12594816,
        "Close of Quarter": 21.4,
        "EPS": -1095.8,
        "Non-adjusted EPS": -1178,
        "PE": -18.2,
        "Book Price": 21.5
      }
    },
    {
      "quarter": "Q2 2015",
      "income status": {
        "Net sales": 407563,
        "Cost of goods sold": 384262,
        "Gross Profit": 23301,
        "Financial expenses": 29700,
        "Of which: Interest expense": 24718,
        "Cost of sales": 6046,
        "Enterprise cost management": 7770,
        "Total Operating Expenses": 43516,
        "Total revenue financing activities": 22207,
        "Net profit from business activities": 1992,
        "Profit": -1660,
        "Profit before tax": 331,
        "Present corporate income tax expenses": "N/A",
        "Deferred income taxes expenses": "N/A",
        "The interests of minority shareholders": "N/A",
        "Total Cost of profits": 0,
        "Profit after tax corporate income": 331,
        "Volume": 12594816,
        "Close of Quarter": 19.8,
        "EPS": 61.4,
        "Non-adjusted EPS": 66,
        "PE": 300.2,
        "Book Price": 23.3
      }
    },
    {
      "quarter": "Q1 2015",
      "income status": {
        "Net sales": 238136,
        "Cost of goods sold": 217659,
        "Gross Profit": 20477,
        "Financial expenses": 12111,
        "Of which: Interest expense": 9252,
        "Cost of sales": 5100,
        "Enterprise cost management": 4015,
        "Total Operating Expenses": 21226,
        "Total revenue financing activities": 2276,
        "Net profit from business activities": 1527,
        "Profit": -209,
        "Profit before tax": 1318,
        "Present corporate income tax expenses": "N/A",
        "Deferred income taxes expenses": "N/A",
        "The interests of minority shareholders": "N/A",
        "Total Cost of profits": 0,
        "Profit after tax corporate income": 1318,
        "Volume": 12594816,
        "Close of Quarter": 15.8,
        "EPS": 171.2,
        "Non-adjusted EPS": 184,
        "PE": 85.9,
        "Book Price": 23.3
      }
    },
    {
      "quarter": "Q4 2014",
      "income status": {
        "Net sales": 350864,
        "Cost of goods sold": 345321,
        "Gross Profit": 5544,
        "Financial expenses": 14942,
        "Of which: Interest expense": 17192,
        "Cost of sales": 4520,
        "Enterprise cost management": -432,
        "Total Operating Expenses": 19030,
        "Total revenue financing activities": 20432,
        "Net profit from business activities": 6946,
        "Profit": 125,
        "Profit before tax": 7071,
        "Present corporate income tax expenses": "N/A",
        "Deferred income taxes expenses": "N/A",
        "The interests of minority shareholders": "N/A",
        "Total Cost of profits": 0,
        "Profit after tax corporate income": 7071,
        "Volume": 12594816,
        "Close of Quarter": 15.4,
        "EPS": 304.2,
        "Non-adjusted EPS": 327,
        "PE": 46.9,
        "Book Price": 23.2
      }
    },
    {
      "quarter": "Q3 2014",
      "income status": {
        "Net sales": 312987,
        "Cost of goods sold": 301062,
        "Gross Profit": 11925,
        "Financial expenses": 13720,
        "Of which: Interest expense": 7127,
        "Cost of sales": 4499,
        "Enterprise cost management": 5017,
        "Total Operating Expenses": 23236,
        "Total revenue financing activities": 3162,
        "Net profit from business activities": -8149,
        "Profit": 257,
        "Profit before tax": -7892,
        "Present corporate income tax expenses": "N/A",
        "Deferred income taxes expenses": "N/A",
        "The interests of minority shareholders": "N/A",
        "Total Cost of profits": 0,
        "Profit after tax corporate income": -7892,
        "Volume": 12594816,
        "Close of Quarter": 18.6,
        "EPS": -465.1,
        "Non-adjusted EPS": -500,
        "PE": -37.2,
        "Book Price": 22.7
      }
    },
    {
      "quarter": "Q2 2014",
      "income status": {
        "Net sales": 468588,
        "Cost of goods sold": 442720,
        "Gross Profit": 25869,
        "Financial expenses": 21907,
        "Of which: Interest expense": 12012,
        "Cost of sales": 5347,
        "Enterprise cost management": 3976,
        "Total Operating Expenses": 31230,
        "Total revenue financing activities": 6891,
        "Net profit from business activities": 1530,
        "Profit": 294,
        "Profit before tax": 1824,
        "Present corporate income tax expenses": "N/A",
        "Deferred income taxes expenses": "N/A",
        "The interests of minority shareholders": "N/A",
        "Total Cost of profits": 0,
        "Profit after tax corporate income": 1824,
        "Volume": 12594816,
        "Close of Quarter": 30.1,
        "EPS": 392.6,
        "Non-adjusted EPS": 422,
        "PE": 71.2,
        "Book Price": 23.3
      }
    },
    {
      "quarter": "Q1 2014",
      "income status": {
        "Net sales": 357762,
        "Cost of goods sold": 343624,
        "Gross Profit": 14138,
        "Financial expenses": 2152,
        "Of which: Interest expense": 6848,
        "Cost of sales": 7839,
        "Enterprise cost management": 4157,
        "Total Operating Expenses": 14148,
        "Total revenue financing activities": 3025,
        "Net profit from business activities": 3014,
        "Profit": 106,
        "Profit before tax": 3120,
        "Present corporate income tax expenses": "N/A",
        "Deferred income taxes expenses": "N/A",
        "The interests of minority shareholders": "N/A",
        "Total Cost of profits": 0,
        "Profit after tax corporate income": 3120,
        "Volume": 12594816,
        "Close of Quarter": 35.3,
        "EPS": 563.7,
        "Non-adjusted EPS": 606,
        "PE": 58.2,
        "Book Price": 23.6
      }
    },
    {
      "quarter": "Q4 2013",
      "income status": {
        "Net sales": 312991,
        "Cost of goods sold": 308665,
        "Gross Profit": 4326,
        "Financial expenses": 18328,
        "Of which: Interest expense": 16925,
        "Cost of sales": 6114,
        "Enterprise cost management": 5347,
        "Total Operating Expenses": 29789,
        "Total revenue financing activities": 18981,
        "Net profit from business activities": -6482,
        "Profit": 3636,
        "Profit before tax": -2846,
        "Present corporate income tax expenses": 498,
        "Deferred income taxes expenses": "N/A",
        "The interests of minority shareholders": "N/A",
        "Total Cost of profits": 498,
        "Profit after tax corporate income": -3344,
        "Volume": 12594816,
        "Close of Quarter": 29.1,
        "EPS": 545.1,
        "Non-adjusted EPS": 586,
        "PE": 49.7,
        "Book Price": 23.4
      }
    },
    {
      "quarter": "Q3 2013",
      "income status": {
        "Net sales": 495229,
        "Cost of goods sold": 470323,
        "Gross Profit": 24906,
        "Financial expenses": 12343,
        "Of which: Interest expense": 8965,
        "Cost of sales": 9675,
        "Enterprise cost management": 3453,
        "Total Operating Expenses": 25471,
        "Total revenue financing activities": 3773,
        "Net profit from business activities": 3208,
        "Profit": 508,
        "Profit before tax": 3716,
        "Present corporate income tax expenses": "N/A",
        "Deferred income taxes expenses": "N/A",
        "The interests of minority shareholders": "N/A",
        "Total Cost of profits": 0,
        "Profit after tax corporate income": 3716,
        "Volume": 12594816,
        "Close of Quarter": 29.8,
        "EPS": 421.4,
        "Non-adjusted EPS": 453,
        "PE": 65.7,
        "Book Price": 23.6
      }
    },
    {
      "quarter": "Q2 2013",
      "income status": {
        "Net sales": 475579,
        "Cost of goods sold": 454326,
        "Gross Profit": 21253,
        "Financial expenses": 18457,
        "Of which: Interest expense": 9149,
        "Cost of sales": 6576,
        "Enterprise cost management": 3056,
        "Total Operating Expenses": 28089,
        "Total revenue financing activities": 11369,
        "Net profit from business activities": 4533,
        "Profit": -392,
        "Profit before tax": 4141,
        "Present corporate income tax expenses": "N/A",
        "Deferred income taxes expenses": "N/A",
        "The interests of minority shareholders": "N/A",
        "Total Cost of profits": 0,
        "Profit after tax corporate income": 4141,
        "Volume": 12594816,
        "Close of Quarter": 28.3,
        "EPS": 314.4,
        "Non-adjusted EPS": 338,
        "PE": 83.8,
        "Book Price": 23.4
      }
    },
    {
      "quarter": "Q1 2013",
      "income status": {
        "Net sales": 503494,
        "Cost of goods sold": 486292,
        "Gross Profit": 17203,
        "Financial expenses": 11749,
        "Of which: Interest expense": 8617,
        "Cost of sales": 8846,
        "Enterprise cost management": 5037,
        "Total Operating Expenses": 25632,
        "Total revenue financing activities": 11305,
        "Net profit from business activities": 2877,
        "Profit": -9,
        "Profit before tax": 2868,
        "Present corporate income tax expenses": "N/A",
        "Deferred income taxes expenses": "N/A",
        "The interests of minority shareholders": "N/A",
        "Total Cost of profits": 0,
        "Profit after tax corporate income": 2868,
        "Volume": 12594816,
        "Close of Quarter": 33.9,
        "EPS": 584.2,
        "Non-adjusted EPS": 628,
        "PE": 54.0,
        "Book Price": 23.7
      }
    },
    {
      "quarter": "Q4 2012",
      "income status": {
        "Net sales": 375775,
        "Cost of goods sold": 367464,
        "Gross Profit": 8310,
        "Financial expenses": 13061,
        "Of which: Interest expense": 6367,
        "Cost of sales": 7089,
        "Enterprise cost management": 12147,
        "Total Operating Expenses": 32297,
        "Total revenue financing activities": 18731,
        "Net profit from business activities": -5256,
        "Profit": 235,
        "Profit before tax": -5021,
        "Present corporate income tax expenses": 512,
        "Deferred income taxes expenses": -512,
        "The interests of minority shareholders": "N/A",
        "Total Cost of profits": 0,
        "Profit after tax corporate income": -5021,
        "Volume": 12594816,
        "Close of Quarter": 25.5,
        "EPS": 818.6,
        "Non-adjusted EPS": 880,
        "PE": 29.0,
        "Book Price": 23.5
      }
    },
    {
      "quarter": "Q3 2012",
      "income status": {
        "Net sales": 388407,
        "Cost of goods sold": 370829,
        "Gross Profit": 17577,
        "Financial expenses": 9317,
        "Of which: Interest expense": 7970,
        "Cost of sales": 6765,
        "Enterprise cost management": 3029,
        "Total Operating Expenses": 19111,
        "Total revenue financing activities": 3832,
        "Net profit from business activities": 2298,
        "Profit": -33,
        "Profit before tax": 2264,
        "Present corporate income tax expenses": "N/A",
        "Deferred income taxes expenses": "N/A",
        "The interests of minority shareholders": "N/A",
        "Total Cost of profits": 0,
        "Profit after tax corporate income": 2264,
        "Volume": 12594816,
        "Close of Quarter": 23.1,
        "EPS": 1259.6,
        "Non-adjusted EPS": 1354,
        "PE": 17.0,
        "Book Price": 23.9
      }
    },
    {
      "quarter": "Q2 2012",
      "income status": {
        "Net sales": 721095,
        "Cost of goods sold": 704039,
        "Gross Profit": 17056,
        "Financial expenses": 8551,
        "Of which: Interest expense": 13490,
        "Cost of sales": 9299,
        "Enterprise cost management": 3614,
        "Total Operating Expenses": 21464,
        "Total revenue financing activities": 12382,
        "Net profit from business activities": 7974,
        "Profit": -171,
        "Profit before tax": 7803,
        "Present corporate income tax expenses": "N/A",
        "Deferred income taxes expenses": "N/A",
        "The interests of minority shareholders": "N/A",
        "Total Cost of profits": 0,
        "Profit after tax corporate income": 7803,
        "Volume": 12039616,
        "Close of Quarter": 23.1,
        "EPS": 2217.8,
        "Non-adjusted EPS": 2494,
        "PE": 9.3,
        "Book Price": 23.6
      }
    },
    {
      "quarter": "Q1 2012",
      "income status": {
        "Net sales": 596299,
        "Cost of goods sold": 571098,
        "Gross Profit": 25201,
        "Financial expenses": 25862,
        "Of which: Interest expense": 16713,
        "Cost of sales": 7581,
        "Enterprise cost management": 4193,
        "Total Operating Expenses": 37636,
        "Total revenue financing activities": 18526,
        "Net profit from business activities": 6092,
        "Profit": -60,
        "Profit before tax": 6032,
        "Present corporate income tax expenses": "N/A",
        "Deferred income taxes expenses": "N/A",
        "The interests of minority shareholders": "N/A",
        "Total Cost of profits": 0,
        "Profit after tax corporate income": 6032,
        "Volume": 12039616,
        "Close of Quarter": 21.1,
        "EPS": 2778.9,
        "Non-adjusted EPS": 3125,
        "PE": 6.8,
        "Book Price": 22.2
      }
    },
    {
      "quarter": "Q4 2011",
      "income status": {
        "Net sales": 368713,
        "Cost of goods sold": 332191,
        "Gross Profit": 36522,
        "Financial expenses": 26385,
        "Of which: Interest expense": 10277,
        "Cost of sales": 6403,
        "Enterprise cost management": 6479,
        "Total Operating Expenses": 39267,
        "Total revenue financing activities": 3819,
        "Net profit from business activities": 1074,
        "Profit": 231,
        "Profit before tax": 1305,
        "Present corporate income tax expenses": 347,
        "Deferred income taxes expenses": "N/A",
        "The interests of minority shareholders": "N/A",
        "Total Cost of profits": 347,
        "Profit after tax corporate income": 958,
        "Volume": 12039616,
        "Close of Quarter": 18.4,
        "EPS": 2745.1,
        "Non-adjusted EPS": 3087,
        "PE": 6.0,
        "Book Price": 24.6
      }
    },
    {
      "quarter": "Q3 2011",
      "income status": {
        "Net sales": 452374,
        "Cost of goods sold": 415110,
        "Gross Profit": 37263,
        "Financial expenses": 14006,
        "Of which: Interest expense": 10806,
        "Cost of sales": 5052,
        "Enterprise cost management": 2453,
        "Total Operating Expenses": 21511,
        "Total revenue financing activities": 4643,
        "Net profit from business activities": 20395,
        "Profit": -59,
        "Profit before tax": 20336,
        "Present corporate income tax expenses": 5099,
        "Deferred income taxes expenses": "N/A",
        "The interests of minority shareholders": "N/A",
        "Total Cost of profits": 5099,
        "Profit after tax corporate income": 15238,
        "Volume": 12039616,
        "Close of Quarter": 14.1,
        "EPS": 3973.1,
        "Non-adjusted EPS": 4468,
        "PE": 3.2,
        "Book Price": 24.3
      }
    },
    {
      "quarter": "Q2 2011",
      "income status": {
        "Net sales": 584074,
        "Cost of goods sold": 556855,
        "Gross Profit": 27219,
        "Financial expenses": 21278,
        "Of which: Interest expense": 18992,
        "Cost of sales": 4589,
        "Enterprise cost management": 3448,
        "Total Operating Expenses": 29315,
        "Total revenue financing activities": 19387,
        "Net profit from business activities": 17290,
        "Profit": -36,
        "Profit before tax": 17254,
        "Present corporate income tax expenses": 1855,
        "Deferred income taxes expenses": "N/A",
        "The interests of minority shareholders": "N/A",
        "Total Cost of profits": 1855,
        "Profit after tax corporate income": 15399,
        "Volume": 12195016,
        "Close of Quarter": 15.5,
        "EPS": 3402.9,
        "Non-adjusted EPS": 3778,
        "PE": 4.1,
        "Book Price": 23.4
      }
    },
    {
      "quarter": "Q1 2011",
      "income status": {
        "Net sales": 487652,
        "Cost of goods sold": 447683,
        "Gross Profit": 39969,
        "Financial expenses": 31409,
        "Of which: Interest expense": 11373,
        "Cost of sales": 3815,
        "Enterprise cost management": 2433,
        "Total Operating Expenses": 37657,
        "Total revenue financing activities": 5036,
        "Net profit from business activities": 7348,
        "Profit": 14,
        "Profit before tax": 7362,
        "Present corporate income tax expenses": 1796,
        "Deferred income taxes expenses": "N/A",
        "The interests of minority shareholders": "N/A",
        "Total Cost of profits": 1796,
        "Profit after tax corporate income": 5566,
        "Volume": 12482616,
        "Close of Quarter": 18.5,
        "EPS": 3556,
        "Non-adjusted EPS": 3857,
        "PE": 4.8,
        "Book Price": 25.0
      }
    },
    {
      "quarter": "Q4 2010",
      "income status": {
        "Net sales": 260920,
        "Cost of goods sold": 257573,
        "Gross Profit": 3347,
        "Financial expenses": 10439,
        "Of which: Interest expense": 4249,
        "Cost of sales": 2007,
        "Enterprise cost management": 2630,
        "Total Operating Expenses": 15076,
        "Total revenue financing activities": 36053,
        "Net profit from business activities": 24323,
        "Profit": 424,
        "Profit before tax": 24747,
        "Present corporate income tax expenses": 7134,
        "Deferred income taxes expenses": 28,
        "The interests of minority shareholders": "N/A",
        "Total Cost of profits": 7162,
        "Profit after tax corporate income": 17585,
        "Volume": 8892592,
        "Close of Quarter": 27.0,
        "EPS": 4160.2,
        "Non-adjusted EPS": 6334,
        "PE": 4.3,
        "Book Price": 25.0
      }
    },
    {
      "quarter": "Q3 2010",
      "income status": {
        "Net sales": 238598,
        "Cost of goods sold": 219673,
        "Gross Profit": 18925,
        "Financial expenses": 15985,
        "Of which: Interest expense": 4740,
        "Cost of sales": 3126,
        "Enterprise cost management": 2515,
        "Total Operating Expenses": 21626,
        "Total revenue financing activities": 10714,
        "Net profit from business activities": 8012,
        "Profit": 18,
        "Profit before tax": 8031,
        "Present corporate income tax expenses": 511,
        "Deferred income taxes expenses": "N/A",
        "The interests of minority shareholders": "N/A",
        "Total Cost of profits": 511,
        "Profit after tax corporate income": 7519,
        "Volume": 8892592,
        "Close of Quarter": 30.2,
        "EPS": 5054.1,
        "Non-adjusted EPS": 7695,
        "PE": 3.9,
        "Book Price": 19.5
      }
    },
    {
      "quarter": "Q2 2010",
      "income status": {
        "Net sales": 471492,
        "Cost of goods sold": 453172,
        "Gross Profit": 18321,
        "Financial expenses": 13488,
        "Of which: Interest expense": 9808,
        "Cost of sales": 4201,
        "Enterprise cost management": 2175,
        "Total Operating Expenses": 19864,
        "Total revenue financing activities": 20784,
        "Net profit from business activities": 19241,
        "Profit": "N/A",
        "Profit before tax": 19241,
        "Present corporate income tax expenses": 1769,
        "Deferred income taxes expenses": "N/A",
        "The interests of minority shareholders": "N/A",
        "Total Cost of profits": 1769,
        "Profit after tax corporate income": 17472,
        "Volume": 8892592,
        "Close of Quarter": 39.6,
        "EPS": 5486.3,
        "Non-adjusted EPS": 8353,
        "PE": 4.7,
        "Book Price": 19.6
      }
    },
    {
      "quarter": "Q1 2010",
      "income status": {
        "Net sales": 208052,
        "Cost of goods sold": 189931,
        "Gross Profit": 18121,
        "Financial expenses": 4537,
        "Of which: Interest expense": 3533,
        "Cost of sales": 2957,
        "Enterprise cost management": 1202,
        "Total Operating Expenses": 8696,
        "Total revenue financing activities": 5983,
        "Net profit from business activities": 15408,
        "Profit": 309,
        "Profit before tax": 15716,
        "Present corporate income tax expenses": 1964,
        "Deferred income taxes expenses": "N/A",
        "The interests of minority shareholders": "N/A",
        "Total Cost of profits": 1964,
        "Profit after tax corporate income": 13752,
        "Volume": 8892592,
        "Close of Quarter": 40.5,
        "EPS": 4196.3,
        "Non-adjusted EPS": 6389,
        "PE": 6.3,
        "Book Price": 18.5
      }
    },
    {
      "quarter": "Q4 2009",
      "income status": {
        "Net sales": 341243,
        "Cost of goods sold": 323084,
        "Gross Profit": 18159,
        "Financial expenses": 13237,
        "Of which: Interest expense": "N/A",
        "Cost of sales": 18335,
        "Enterprise cost management": 5734,
        "Total Operating Expenses": 37306,
        "Total revenue financing activities": 47737,
        "Net profit from business activities": 28591,
        "Profit": 321,
        "Profit before tax": 28912,
        "Present corporate income tax expenses": -764,
        "Deferred income taxes expenses": -7,
        "The interests of minority shareholders": "N/A",
        "Total Cost of profits": -771,
        "Profit after tax corporate income": 29683,
        "Volume": 8892592,
        "Close of Quarter": 41.2,
        "EPS": 3180.2,
        "Non-adjusted EPS": 4842,
        "PE": 8.5,
        "Book Price": 18
      }
    },
    {
      "quarter": "Q3 2009",
      "income status": {
        "Net sales": 236766,
        "Cost of goods sold": 218150,
        "Gross Profit": 18616,
        "Financial expenses": 13102,
        "Of which: Interest expense": "N/A",
        "Cost of sales": 3858,
        "Enterprise cost management": 2000,
        "Total Operating Expenses": 18960,
        "Total revenue financing activities": 14399,
        "Net profit from business activities": 14055,
        "Profit": 1204,
        "Profit before tax": 15259,
        "Present corporate income tax expenses": 1882,
        "Deferred income taxes expenses": "N/A",
        "The interests of minority shareholders": "N/A",
        "Total Cost of profits": 1882,
        "Profit after tax corporate income": 13377,
        "Volume": 8892733,
        "Close of Quarter": "N/A",
        "EPS": 987.9,
        "Non-adjusted EPS": 1504,
        "PE": "N/A",
        "Book Price": "N/A"
      }
    }
  ]
}