{
  "ticker": "DHP",
  "data": [
    {
      "quarter": "Q1 2017",
      "income status": {
        "Net sales": 67135,
        "Cost of goods sold": 58354,
        "Gross Profit": 8781,
        "Financial expenses": 720,
        "Of which: Interest expense": 435,
        "Cost of sales": 1048,
        "Enterprise cost management": 3227,
        "Total Operating Expenses": 4995,
        "Total revenue financing activities": 4,
        "Net profit from business activities": 3789,
        "Profit": 68,
        "Profit before tax": 3857,
        "Present corporate income tax expenses": 771,
        "Deferred income taxes expenses": "N/A",
        "The interests of minority shareholders": "N/A",
        "Total Cost of profits": 771,
        "Profit after tax corporate income": 3085,
        "Volume": 9492200,
        "Close of Quarter": 8.8,
        "EPS": 1340,
        "Non-adjusted EPS": 1340,
        "PE": 6.6,
        "Book Price": 15.6
      }
    },
    {
      "quarter": "Q4 2016",
      "income status": {
        "Net sales": 33128,
        "Cost of goods sold": 29892,
        "Gross Profit": 3236,
        "Financial expenses": 771,
        "Of which: Interest expense": 771,
        "Cost of sales": -923,
        "Enterprise cost management": 3065,
        "Total Operating Expenses": 2913,
        "Total revenue financing activities": 5,
        "Net profit from business activities": 327,
        "Profit": 155,
        "Profit before tax": 482,
        "Present corporate income tax expenses": 96,
        "Deferred income taxes expenses": "N/A",
        "The interests of minority shareholders": "N/A",
        "Total Cost of profits": 96,
        "Profit after tax corporate income": 385,
        "Volume": 9492200,
        "Close of Quarter": 9.3,
        "EPS": 1378,
        "Non-adjusted EPS": 1378,
        "PE": 6.8,
        "Book Price": 15.3
      }
    },
    {
      "quarter": "Q3 2016",
      "income status": {
        "Net sales": 42416,
        "Cost of goods sold": 32757,
        "Gross Profit": 9659,
        "Financial expenses": 625,
        "Of which: Interest expense": 625,
        "Cost of sales": 865,
        "Enterprise cost management": 2843,
        "Total Operating Expenses": 4333,
        "Total revenue financing activities": 2,
        "Net profit from business activities": 5329,
        "Profit": 148,
        "Profit before tax": 5477,
        "Present corporate income tax expenses": 1095,
        "Deferred income taxes expenses": "N/A",
        "The interests of minority shareholders": "N/A",
        "Total Cost of profits": 1095,
        "Profit after tax corporate income": 4381,
        "Volume": 9492200,
        "Close of Quarter": 8.9,
        "EPS": 4703,
        "Non-adjusted EPS": 4703,
        "PE": 1.9,
        "Book Price": 15.8
      }
    },
    {
      "quarter": "Q2 2016",
      "income status": {
        "Net sales": 108830,
        "Cost of goods sold": 94592,
        "Gross Profit": 14238,
        "Financial expenses": 411,
        "Of which: Interest expense": 333,
        "Cost of sales": 3250,
        "Enterprise cost management": 4522,
        "Total Operating Expenses": 8183,
        "Total revenue financing activities": 4,
        "Net profit from business activities": 6058,
        "Profit": 23,
        "Profit before tax": 6081,
        "Present corporate income tax expenses": 1216,
        "Deferred income taxes expenses": "N/A",
        "The interests of minority shareholders": "N/A",
        "Total Cost of profits": 1216,
        "Profit after tax corporate income": 4865,
        "Volume": 9492200,
        "Close of Quarter": 10.2,
        "EPS": 4705,
        "Non-adjusted EPS": 4705,
        "PE": 2.2,
        "Book Price": 15.8
      }
    },
    {
      "quarter": "Q1 2016",
      "income status": {
        "Net sales": 74004,
        "Cost of goods sold": 65419,
        "Gross Profit": 8585,
        "Financial expenses": 337,
        "Of which: Interest expense": 337,
        "Cost of sales": 1320,
        "Enterprise cost management": 2760,
        "Total Operating Expenses": 4417,
        "Total revenue financing activities": 6,
        "Net profit from business activities": 4173,
        "Profit": 139,
        "Profit before tax": 4313,
        "Present corporate income tax expenses": 863,
        "Deferred income taxes expenses": "N/A",
        "The interests of minority shareholders": "N/A",
        "Total Cost of profits": 863,
        "Profit after tax corporate income": 3450,
        "Volume": 9492200,
        "Close of Quarter": 12.6,
        "EPS": 4965,
        "Non-adjusted EPS": 4965,
        "PE": 2.5,
        "Book Price": 15.4
      }
    },
    {
      "quarter": "Q4 2015",
      "income status": {
        "Net sales": 48222,
        "Cost of goods sold": 41829,
        "Gross Profit": 6393,
        "Financial expenses": 506,
        "Of which: Interest expense": 506,
        "Cost of sales": -1233,
        "Enterprise cost management": 3854,
        "Total Operating Expenses": 3127,
        "Total revenue financing activities": 6,
        "Net profit from business activities": 3271,
        "Profit": 39168,
        "Profit before tax": 42439,
        "Present corporate income tax expenses": 642,
        "Deferred income taxes expenses": 9850,
        "The interests of minority shareholders": "N/A",
        "Total Cost of profits": 10492,
        "Profit after tax corporate income": 31947,
        "Volume": 9492200,
        "Close of Quarter": 8.6,
        "EPS": 5056,
        "Non-adjusted EPS": 5056,
        "PE": 1.7,
        "Book Price": 15
      }
    },
    {
      "quarter": "Q3 2015",
      "income status": {
        "Net sales": 43957,
        "Cost of goods sold": 38114,
        "Gross Profit": 5843,
        "Financial expenses": 361,
        "Of which: Interest expense": 360,
        "Cost of sales": 1264,
        "Enterprise cost management": 1569,
        "Total Operating Expenses": 3194,
        "Total revenue financing activities": 2312,
        "Net profit from business activities": 4962,
        "Profit": 141,
        "Profit before tax": 5103,
        "Present corporate income tax expenses": 510,
        "Deferred income taxes expenses": 198,
        "The interests of minority shareholders": "N/A",
        "Total Cost of profits": 708,
        "Profit after tax corporate income": 4395,
        "Volume": 9492200,
        "Close of Quarter": 8.0,
        "EPS": 2041,
        "Non-adjusted EPS": 2041,
        "PE": 3.9,
        "Book Price": 12.2
      }
    },
    {
      "quarter": "Q2 2015",
      "income status": {
        "Net sales": 128847,
        "Cost of goods sold": 111276,
        "Gross Profit": 17571,
        "Financial expenses": 231,
        "Of which: Interest expense": 224,
        "Cost of sales": 4581,
        "Enterprise cost management": 3425,
        "Total Operating Expenses": 8237,
        "Total revenue financing activities": 12,
        "Net profit from business activities": 9346,
        "Profit": 106,
        "Profit before tax": 9452,
        "Present corporate income tax expenses": 1814,
        "Deferred income taxes expenses": 287,
        "The interests of minority shareholders": 15,
        "Total Cost of profits": 2116,
        "Profit after tax corporate income": 7336,
        "Volume": 9492200,
        "Close of Quarter": 7.4,
        "EPS": 1818,
        "Non-adjusted EPS": 1818,
        "PE": 4.1,
        "Book Price": 12.8
      }
    },
    {
      "quarter": "Q1 2015",
      "income status": {
        "Net sales": 92412,
        "Cost of goods sold": 81011,
        "Gross Profit": 11401,
        "Financial expenses": 356,
        "Of which: Interest expense": 356,
        "Cost of sales": 1764,
        "Enterprise cost management": 3722,
        "Total Operating Expenses": 5842,
        "Total revenue financing activities": 8,
        "Net profit from business activities": 5567,
        "Profit": 40,
        "Profit before tax": 5607,
        "Present corporate income tax expenses": 979,
        "Deferred income taxes expenses": 267,
        "The interests of minority shareholders": 42,
        "Total Cost of profits": 1288,
        "Profit after tax corporate income": 4319,
        "Volume": 9492200,
        "Close of Quarter": 7.2,
        "EPS": 1567,
        "Non-adjusted EPS": 1567,
        "PE": 4.6,
        "Book Price": 13.2
      }
    },
    {
      "quarter": "Q4 2014",
      "income status": {
        "Net sales": 39776,
        "Cost of goods sold": 33679,
        "Gross Profit": 6097,
        "Financial expenses": 325,
        "Of which: Interest expense": 333,
        "Cost of sales": -1096,
        "Enterprise cost management": 2476,
        "Total Operating Expenses": 1705,
        "Total revenue financing activities": 3,
        "Net profit from business activities": 4394,
        "Profit": 74,
        "Profit before tax": 4468,
        "Present corporate income tax expenses": 1105,
        "Deferred income taxes expenses": -8,
        "The interests of minority shareholders": 47,
        "Total Cost of profits": 1144,
        "Profit after tax corporate income": 3324,
        "Volume": 9492200,
        "Close of Quarter": 6.3,
        "EPS": 1632,
        "Non-adjusted EPS": 1632,
        "PE": 3.9,
        "Book Price": 12.7
      }
    },
    {
      "quarter": "Q3 2014",
      "income status": {
        "Net sales": 43492,
        "Cost of goods sold": 36800,
        "Gross Profit": 6692,
        "Financial expenses": 369,
        "Of which: Interest expense": 317,
        "Cost of sales": 1515,
        "Enterprise cost management": 2166,
        "Total Operating Expenses": 4050,
        "Total revenue financing activities": 3,
        "Net profit from business activities": 2646,
        "Profit": 85,
        "Profit before tax": 2731,
        "Present corporate income tax expenses": 427,
        "Deferred income taxes expenses": 2,
        "The interests of minority shareholders": 22,
        "Total Cost of profits": 451,
        "Profit after tax corporate income": 2279,
        "Volume": 9492200,
        "Close of Quarter": 6.8,
        "EPS": 1655,
        "Non-adjusted EPS": 1655,
        "PE": 4.1,
        "Book Price": 12.4
      }
    },
    {
      "quarter": "Q2 2014",
      "income status": {
        "Net sales": 124940,
        "Cost of goods sold": 109686,
        "Gross Profit": 15254,
        "Financial expenses": 1429,
        "Of which: Interest expense": 1211,
        "Cost of sales": 4161,
        "Enterprise cost management": 3551,
        "Total Operating Expenses": 9141,
        "Total revenue financing activities": 3,
        "Net profit from business activities": 6115,
        "Profit": 298,
        "Profit before tax": 6414,
        "Present corporate income tax expenses": 1565,
        "Deferred income taxes expenses": -92,
        "The interests of minority shareholders": -8,
        "Total Cost of profits": 1465,
        "Profit after tax corporate income": 4949,
        "Volume": 9492200,
        "Close of Quarter": 5.8,
        "EPS": 1573,
        "Non-adjusted EPS": 1573,
        "PE": 3.7,
        "Book Price": 12.1
      }
    },
    {
      "quarter": "Q1 2014",
      "income status": {
        "Net sales": 40632,
        "Cost of goods sold": 30907,
        "Gross Profit": 9725,
        "Financial expenses": 836,
        "Of which: Interest expense": "N/A",
        "Cost of sales": 640,
        "Enterprise cost management": 1856,
        "Total Operating Expenses": 3332,
        "Total revenue financing activities": 3,
        "Net profit from business activities": 6395,
        "Profit": -45,
        "Profit before tax": 6351,
        "Present corporate income tax expenses": 826,
        "Deferred income taxes expenses": 550,
        "The interests of minority shareholders": 36,
        "Total Cost of profits": 1412,
        "Profit after tax corporate income": 4939,
        "Volume": 9492200,
        "Close of Quarter": 7.3,
        "EPS": 1616,
        "Non-adjusted EPS": 1616,
        "PE": 4.5,
        "Book Price": 12
      }
    },
    {
      "quarter": "Q4 2013",
      "income status": {
        "Net sales": 22759,
        "Cost of goods sold": 15271,
        "Gross Profit": 7488,
        "Financial expenses": 916,
        "Of which: Interest expense": 891,
        "Cost of sales": 72,
        "Enterprise cost management": 1666,
        "Total Operating Expenses": 2654,
        "Total revenue financing activities": 2,
        "Net profit from business activities": 4836,
        "Profit": 73,
        "Profit before tax": 4909,
        "Present corporate income tax expenses": 1315,
        "Deferred income taxes expenses": -30,
        "The interests of minority shareholders": 83,
        "Total Cost of profits": 1368,
        "Profit after tax corporate income": 3541,
        "Volume": 9492200,
        "Close of Quarter": 5.2,
        "EPS": 1685,
        "Non-adjusted EPS": 1685,
        "PE": 3.1,
        "Book Price": 10.6
      }
    },
    {
      "quarter": "Q3 2013",
      "income status": {
        "Net sales": 31597,
        "Cost of goods sold": 26224,
        "Gross Profit": 5373,
        "Financial expenses": 843,
        "Of which: Interest expense": 843,
        "Cost of sales": 872,
        "Enterprise cost management": 1845,
        "Total Operating Expenses": 3560,
        "Total revenue financing activities": 4,
        "Net profit from business activities": 1817,
        "Profit": 202,
        "Profit before tax": 2019,
        "Present corporate income tax expenses": 404,
        "Deferred income taxes expenses": 91,
        "The interests of minority shareholders": 22,
        "Total Cost of profits": 517,
        "Profit after tax corporate income": 1502,
        "Volume": 9492200,
        "Close of Quarter": 4.7,
        "EPS": 1390,
        "Non-adjusted EPS": 1390,
        "PE": 3.4,
        "Book Price": 10.2
      }
    },
    {
      "quarter": "Q2 2013",
      "income status": {
        "Net sales": 97142,
        "Cost of goods sold": 83397,
        "Gross Profit": 13745,
        "Financial expenses": 801,
        "Of which: Interest expense": 1950,
        "Cost of sales": 3119,
        "Enterprise cost management": 2693,
        "Total Operating Expenses": 6613,
        "Total revenue financing activities": 8,
        "Net profit from business activities": 7141,
        "Profit": 22,
        "Profit before tax": 7163,
        "Present corporate income tax expenses": 1664,
        "Deferred income taxes expenses": 136,
        "The interests of minority shareholders": 5,
        "Total Cost of profits": 1805,
        "Profit after tax corporate income": 5357,
        "Volume": 9492200,
        "Close of Quarter": 5.1,
        "EPS": 1232,
        "Non-adjusted EPS": 1232,
        "PE": 4.1,
        "Book Price": 10.1
      }
    },
    {
      "quarter": "Q1 2013",
      "income status": {
        "Net sales": 72020,
        "Cost of goods sold": 58517,
        "Gross Profit": 13503,
        "Financial expenses": 1938,
        "Of which: Interest expense": "N/A",
        "Cost of sales": 929,
        "Enterprise cost management": 3606,
        "Total Operating Expenses": 6473,
        "Total revenue financing activities": 6,
        "Net profit from business activities": 7037,
        "Profit": 26,
        "Profit before tax": 7062,
        "Present corporate income tax expenses": 1110,
        "Deferred income taxes expenses": 328,
        "The interests of minority shareholders": 34,
        "Total Cost of profits": 1472,
        "Profit after tax corporate income": 5590,
        "Volume": 9492200,
        "Close of Quarter": 6.3,
        "EPS": 667,
        "Non-adjusted EPS": 667,
        "PE": 9.4,
        "Book Price": 9.5
      }
    },
    {
      "quarter": "Q3 2012",
      "income status": {
        "Net sales": 66415,
        "Cost of goods sold": 61790,
        "Gross Profit": 4625,
        "Financial expenses": 1173,
        "Of which: Interest expense": "N/A",
        "Cost of sales": 1246,
        "Enterprise cost management": 1350,
        "Total Operating Expenses": 3769,
        "Total revenue financing activities": 9,
        "Net profit from business activities": 866,
        "Profit": 36,
        "Profit before tax": 902,
        "Present corporate income tax expenses": 158,
        "Deferred income taxes expenses": "N/A",
        "The interests of minority shareholders": "N/A",
        "Total Cost of profits": 158,
        "Profit after tax corporate income": 744,
        "Volume": 9492200,
        "Close of Quarter": "N/A",
        "EPS": 78,
        "Non-adjusted EPS": 78,
        "PE": "N/A",
        "Book Price": 12.2
      }
    }
  ]
}