{
  "ticker": "TLH",
  "data": [
    {
      "quarter": "Q1 2017",
      "income status": {
        "Net sales": 1048737,
        "Cost of goods sold": 887975,
        "Gross Profit": 160762,
        "Financial expenses": 12259,
        "Of which: Interest expense": 13844,
        "Cost of sales": 12551,
        "Enterprise cost management": 13232,
        "Total Operating Expenses": 38042,
        "Total revenue financing activities": 1429,
        "Net profit from business activities": 138926,
        "Profit": 999,
        "Profit before tax": 139925,
        "Present corporate income tax expenses": 26970,
        "Deferred income taxes expenses": "N/A",
        "The interests of minority shareholders": 3117,
        "Total Cost of profits": 30087,
        "Profit after tax corporate income": 109837,
        "Volume": 83185564,
        "Close of Quarter": 14.4,
        "EPS": 5561,
        "Non-adjusted EPS": 5561,
        "PE": 2.6,
        "Book Price": 16.1
      }
    },
    {
      "quarter": "Q4 2016",
      "income status": {
        "Net sales": 1177867,
        "Cost of goods sold": 986984,
        "Gross Profit": 190883,
        "Financial expenses": 16961,
        "Of which: Interest expense": 16711,
        "Cost of sales": 14444,
        "Enterprise cost management": 14519,
        "Total Operating Expenses": 45924,
        "Total revenue financing activities": 1715,
        "Net profit from business activities": 158580,
        "Profit": 54,
        "Profit before tax": 158634,
        "Present corporate income tax expenses": 32305,
        "Deferred income taxes expenses": -3357,
        "The interests of minority shareholders": 4548,
        "Total Cost of profits": 33496,
        "Profit after tax corporate income": 125137,
        "Volume": 83185564,
        "Close of Quarter": 12.3,
        "EPS": 5490,
        "Non-adjusted EPS": 5490,
        "PE": 2.2,
        "Book Price": 15.7
      }
    },
    {
      "quarter": "Q3 2016",
      "income status": {
        "Net sales": 962472,
        "Cost of goods sold": 831315,
        "Gross Profit": 131156,
        "Financial expenses": 18222,
        "Of which: Interest expense": 18424,
        "Cost of sales": 12304,
        "Enterprise cost management": 8301,
        "Total Operating Expenses": 38827,
        "Total revenue financing activities": 1362,
        "Net profit from business activities": 97889,
        "Profit": 1239,
        "Profit before tax": 99128,
        "Present corporate income tax expenses": 17880,
        "Deferred income taxes expenses": 668,
        "The interests of minority shareholders": 3448,
        "Total Cost of profits": 21996,
        "Profit after tax corporate income": 77132,
        "Volume": 83185564,
        "Close of Quarter": 9.8,
        "EPS": 1784,
        "Non-adjusted EPS": 1784,
        "PE": 5.5,
        "Book Price": 14.2
      }
    },
    {
      "quarter": "Q2 2016",
      "income status": {
        "Net sales": 893635,
        "Cost of goods sold": 684442,
        "Gross Profit": 209192,
        "Financial expenses": 14240,
        "Of which: Interest expense": 15031,
        "Cost of sales": 12338,
        "Enterprise cost management": 9008,
        "Total Operating Expenses": 35586,
        "Total revenue financing activities": 1833,
        "Net profit from business activities": 182434,
        "Profit": 5,
        "Profit before tax": 182439,
        "Present corporate income tax expenses": 27195,
        "Deferred income taxes expenses": 2103,
        "The interests of minority shareholders": 2618,
        "Total Cost of profits": 31916,
        "Profit after tax corporate income": 150523,
        "Volume": 83185564,
        "Close of Quarter": 8.3,
        "EPS": 884,
        "Non-adjusted EPS": 884,
        "PE": 9.4,
        "Book Price": 13.2
      }
    },
    {
      "quarter": "Q1 2016",
      "income status": {
        "Net sales": 1008456,
        "Cost of goods sold": 878648,
        "Gross Profit": 129807,
        "Financial expenses": 13048,
        "Of which: Interest expense": 11905,
        "Cost of sales": 10208,
        "Enterprise cost management": 7533,
        "Total Operating Expenses": 30789,
        "Total revenue financing activities": 1492,
        "Net profit from business activities": 105641,
        "Profit": 1417,
        "Profit before tax": 107059,
        "Present corporate income tax expenses": 1332,
        "Deferred income taxes expenses": "N/A",
        "The interests of minority shareholders": 1850,
        "Total Cost of profits": 3182,
        "Profit after tax corporate income": 103876,
        "Volume": 83185564,
        "Close of Quarter": 6.5,
        "EPS": -827,
        "Non-adjusted EPS": -827,
        "PE": -7.8,
        "Book Price": 11.4
      }
    },
    {
      "quarter": "Q4 2015",
      "income status": {
        "Net sales": 1261909,
        "Cost of goods sold": 1389399,
        "Gross Profit": -127491,
        "Financial expenses": 19760,
        "Of which: Interest expense": 18846,
        "Cost of sales": 12135,
        "Enterprise cost management": 19799,
        "Total Operating Expenses": 51694,
        "Total revenue financing activities": 840,
        "Net profit from business activities": -188123,
        "Profit": -3293,
        "Profit before tax": -191416,
        "Present corporate income tax expenses": -6827,
        "Deferred income taxes expenses": 2008,
        "The interests of minority shareholders": -3439,
        "Total Cost of profits": -8258,
        "Profit after tax corporate income": -183158,
        "Volume": 79225688,
        "Close of Quarter": 3.8,
        "EPS": -2035.3,
        "Non-adjusted EPS": -2137,
        "PE": -1.8,
        "Book Price": 10.1
      }
    },
    {
      "quarter": "Q3 2015",
      "income status": {
        "Net sales": 785397,
        "Cost of goods sold": 747520,
        "Gross Profit": 37877,
        "Financial expenses": 21009,
        "Of which: Interest expense": 13994,
        "Cost of sales": 8258,
        "Enterprise cost management": 8001,
        "Total Operating Expenses": 37268,
        "Total revenue financing activities": 2721,
        "Net profit from business activities": 4150,
        "Profit": -588,
        "Profit before tax": 3561,
        "Present corporate income tax expenses": 1597,
        "Deferred income taxes expenses": "N/A",
        "The interests of minority shareholders": -362,
        "Total Cost of profits": 1235,
        "Profit after tax corporate income": 2326,
        "Volume": 79225688,
        "Close of Quarter": 4.1,
        "EPS": 293.3,
        "Non-adjusted EPS": 308,
        "PE": 13.4,
        "Book Price": 12.4
      }
    },
    {
      "quarter": "Q2 2015",
      "income status": {
        "Net sales": 715065,
        "Cost of goods sold": 674461,
        "Gross Profit": 40604,
        "Financial expenses": 17394,
        "Of which: Interest expense": 16024,
        "Cost of sales": 8878,
        "Enterprise cost management": 8644,
        "Total Operating Expenses": 34916,
        "Total revenue financing activities": 1768,
        "Net profit from business activities": 7768,
        "Profit": 3733,
        "Profit before tax": 11501,
        "Present corporate income tax expenses": 2893,
        "Deferred income taxes expenses": -22,
        "The interests of minority shareholders": 440,
        "Total Cost of profits": 3311,
        "Profit after tax corporate income": 8190,
        "Volume": 80685688,
        "Close of Quarter": 5.5,
        "EPS": 456.9,
        "Non-adjusted EPS": 471,
        "PE": 11.6,
        "Book Price": 12.4
      }
    },
    {
      "quarter": "Q1 2015",
      "income status": {
        "Net sales": 827898,
        "Cost of goods sold": 795403,
        "Gross Profit": 32495,
        "Financial expenses": 20283,
        "Of which: Interest expense": 15696,
        "Cost of sales": 8618,
        "Enterprise cost management": 7917,
        "Total Operating Expenses": 36818,
        "Total revenue financing activities": 3288,
        "Net profit from business activities": -715,
        "Profit": 6018,
        "Profit before tax": 5303,
        "Present corporate income tax expenses": 2337,
        "Deferred income taxes expenses": "N/A",
        "The interests of minority shareholders": -351,
        "Total Cost of profits": 1986,
        "Profit after tax corporate income": 3317,
        "Volume": 80685688,
        "Close of Quarter": 5.9,
        "EPS": 596.5,
        "Non-adjusted EPS": 615,
        "PE": 9.6,
        "Book Price": 12.3
      }
    },
    {
      "quarter": "Q4 2014",
      "income status": {
        "Net sales": 1134774,
        "Cost of goods sold": 1087767,
        "Gross Profit": 47008,
        "Financial expenses": 19646,
        "Of which: Interest expense": 14703,
        "Cost of sales": 10767,
        "Enterprise cost management": 11752,
        "Total Operating Expenses": 42165,
        "Total revenue financing activities": 2939,
        "Net profit from business activities": 7874,
        "Profit": 8040,
        "Profit before tax": 15914,
        "Present corporate income tax expenses": 4507,
        "Deferred income taxes expenses": 1104,
        "The interests of minority shareholders": -235,
        "Total Cost of profits": 5376,
        "Profit after tax corporate income": 10537,
        "Volume": 80685688,
        "Close of Quarter": 7.0,
        "EPS": 890.4,
        "Non-adjusted EPS": 918,
        "PE": 7.6,
        "Book Price": 13.3
      }
    },
    {
      "quarter": "Q3 2014",
      "income status": {
        "Net sales": 939083,
        "Cost of goods sold": 891359,
        "Gross Profit": 47724,
        "Financial expenses": 16037,
        "Of which: Interest expense": 15313,
        "Cost of sales": 10423,
        "Enterprise cost management": 8111,
        "Total Operating Expenses": 34571,
        "Total revenue financing activities": 4163,
        "Net profit from business activities": 18777,
        "Profit": 2325,
        "Profit before tax": 21102,
        "Present corporate income tax expenses": 5124,
        "Deferred income taxes expenses": -257,
        "The interests of minority shareholders": 236,
        "Total Cost of profits": 5103,
        "Profit after tax corporate income": 15998,
        "Volume": 80685688,
        "Close of Quarter": 6.8,
        "EPS": 327.8,
        "Non-adjusted EPS": 338,
        "PE": 20.1,
        "Book Price": 13.2
      }
    },
    {
      "quarter": "Q2 2014",
      "income status": {
        "Net sales": 912909,
        "Cost of goods sold": 855541,
        "Gross Profit": 57369,
        "Financial expenses": 18711,
        "Of which: Interest expense": 13487,
        "Cost of sales": 8779,
        "Enterprise cost management": 8016,
        "Total Operating Expenses": 35506,
        "Total revenue financing activities": 2586,
        "Net profit from business activities": 26296,
        "Profit": -411,
        "Profit before tax": 25885,
        "Present corporate income tax expenses": 6947,
        "Deferred income taxes expenses": -57,
        "The interests of minority shareholders": -749,
        "Total Cost of profits": 6141,
        "Profit after tax corporate income": 19744,
        "Volume": 80685688,
        "Close of Quarter": 7.0,
        "EPS": 191.1,
        "Non-adjusted EPS": 197,
        "PE": 35.3,
        "Book Price": 13
      }
    },
    {
      "quarter": "Q1 2014",
      "income status": {
        "Net sales": 738195,
        "Cost of goods sold": 684881,
        "Gross Profit": 53314,
        "Financial expenses": 8788,
        "Of which: Interest expense": 8491,
        "Cost of sales": 8128,
        "Enterprise cost management": 7975,
        "Total Operating Expenses": 24891,
        "Total revenue financing activities": 3983,
        "Net profit from business activities": 35513,
        "Profit": 73,
        "Profit before tax": 35586,
        "Present corporate income tax expenses": 7951,
        "Deferred income taxes expenses": -999,
        "The interests of minority shareholders": 827,
        "Total Cost of profits": 7779,
        "Profit after tax corporate income": 27807,
        "Volume": 74934758,
        "Close of Quarter": 8.0,
        "EPS": 110.8,
        "Non-adjusted EPS": 123,
        "PE": 65.4,
        "Book Price": 12.2
      }
    },
    {
      "quarter": "Q4 2013",
      "income status": {
        "Net sales": 878141,
        "Cost of goods sold": 880417,
        "Gross Profit": -2276,
        "Financial expenses": 17169,
        "Of which: Interest expense": 12497,
        "Cost of sales": 9164,
        "Enterprise cost management": 15665,
        "Total Operating Expenses": 41998,
        "Total revenue financing activities": 1990,
        "Net profit from business activities": -42284,
        "Profit": 4232,
        "Profit before tax": -36932,
        "Present corporate income tax expenses": "N/A",
        "Deferred income taxes expenses": "N/A",
        "The interests of minority shareholders": -679,
        "Total Cost of profits": -679,
        "Profit after tax corporate income": -36253,
        "Volume": 74934758,
        "Close of Quarter": 5.9,
        "EPS": 1262.9,
        "Non-adjusted EPS": 1402,
        "PE": 4.2,
        "Book Price": 11.5
      }
    },
    {
      "quarter": "Q3 2013",
      "income status": {
        "Net sales": 709978,
        "Cost of goods sold": 681866,
        "Gross Profit": 28112,
        "Financial expenses": 17763,
        "Of which: Interest expense": 12677,
        "Cost of sales": 6081,
        "Enterprise cost management": 6823,
        "Total Operating Expenses": 30667,
        "Total revenue financing activities": 2865,
        "Net profit from business activities": 309,
        "Profit": 6201,
        "Profit before tax": 6882,
        "Present corporate income tax expenses": 2226,
        "Deferred income taxes expenses": 468,
        "The interests of minority shareholders": -398,
        "Total Cost of profits": 2296,
        "Profit after tax corporate income": 4586,
        "Volume": 74934758,
        "Close of Quarter": 5.5,
        "EPS": 1755.7,
        "Non-adjusted EPS": 1949,
        "PE": 2.8,
        "Book Price": 11.9
      }
    },
    {
      "quarter": "Q2 2013",
      "income status": {
        "Net sales": 862986,
        "Cost of goods sold": 818336,
        "Gross Profit": 44650,
        "Financial expenses": 17593,
        "Of which: Interest expense": 12448,
        "Cost of sales": 6269,
        "Enterprise cost management": 10062,
        "Total Operating Expenses": 33924,
        "Total revenue financing activities": 6698,
        "Net profit from business activities": 17424,
        "Profit": -1079,
        "Profit before tax": 17247,
        "Present corporate income tax expenses": 6418,
        "Deferred income taxes expenses": -1798,
        "The interests of minority shareholders": -452,
        "Total Cost of profits": 4168,
        "Profit after tax corporate income": 13079,
        "Volume": 74934758,
        "Close of Quarter": 5.5,
        "EPS": 1730.5,
        "Non-adjusted EPS": 1921,
        "PE": 2.9,
        "Book Price": 11.8
      }
    },
    {
      "quarter": "Q1 2013",
      "income status": {
        "Net sales": 601478,
        "Cost of goods sold": 611434,
        "Gross Profit": -9956,
        "Financial expenses": -93504,
        "Of which: Interest expense": 11077,
        "Cost of sales": 7936,
        "Enterprise cost management": 11638,
        "Total Operating Expenses": -73930,
        "Total revenue financing activities": 7410,
        "Net profit from business activities": 71384,
        "Profit": 73792,
        "Profit before tax": 145176,
        "Present corporate income tax expenses": 22142,
        "Deferred income taxes expenses": "N/A",
        "The interests of minority shareholders": -602,
        "Total Cost of profits": 21540,
        "Profit after tax corporate income": 123636,
        "Volume": 56630603,
        "Close of Quarter": 4.3,
        "EPS": 1799.3,
        "Non-adjusted EPS": 2643,
        "PE": 1.6,
        "Book Price": 11.6
      }
    },
    {
      "quarter": "Q4 2012",
      "income status": {
        "Net sales": 758065,
        "Cost of goods sold": 721569,
        "Gross Profit": 36496,
        "Financial expenses": 20095,
        "Of which: Interest expense": 9492,
        "Cost of sales": 7200,
        "Enterprise cost management": 7881,
        "Total Operating Expenses": 35176,
        "Total revenue financing activities": 5967,
        "Net profit from business activities": 7286,
        "Profit": -1924,
        "Profit before tax": 5362,
        "Present corporate income tax expenses": 834,
        "Deferred income taxes expenses": -346,
        "The interests of minority shareholders": 122,
        "Total Cost of profits": 610,
        "Profit after tax corporate income": 4752,
        "Volume": 51955884,
        "Close of Quarter": 3.6,
        "EPS": 504.0,
        "Non-adjusted EPS": 807,
        "PE": 4.5,
        "Book Price": 9.3
      }
    },
    {
      "quarter": "Q3 2012",
      "income status": {
        "Net sales": 640095,
        "Cost of goods sold": 619653,
        "Gross Profit": 20442,
        "Financial expenses": 9108,
        "Of which: Interest expense": 8399,
        "Cost of sales": 5598,
        "Enterprise cost management": 4756,
        "Total Operating Expenses": 19462,
        "Total revenue financing activities": 2831,
        "Net profit from business activities": 3812,
        "Profit": -143,
        "Profit before tax": 3668,
        "Present corporate income tax expenses": 1045,
        "Deferred income taxes expenses": "N/A",
        "The interests of minority shareholders": 107,
        "Total Cost of profits": 1152,
        "Profit after tax corporate income": 2517,
        "Volume": 51955884,
        "Close of Quarter": 3.1,
        "EPS": -36.9,
        "Non-adjusted EPS": -59,
        "PE": -52.0,
        "Book Price": 9.2
      }
    },
    {
      "quarter": "Q2 2012",
      "income status": {
        "Net sales": 909990,
        "Cost of goods sold": 869351,
        "Gross Profit": 40639,
        "Financial expenses": 10793,
        "Of which: Interest expense": 11133,
        "Cost of sales": 5878,
        "Enterprise cost management": 5733,
        "Total Operating Expenses": 22404,
        "Total revenue financing activities": 1917,
        "Net profit from business activities": 20151,
        "Profit": -88,
        "Profit before tax": 20064,
        "Present corporate income tax expenses": 1131,
        "Deferred income taxes expenses": "N/A",
        "The interests of minority shareholders": 136,
        "Total Cost of profits": 1267,
        "Profit after tax corporate income": 18797,
        "Volume": 51955884,
        "Close of Quarter": 3.9,
        "EPS": 75.6,
        "Non-adjusted EPS": 121,
        "PE": 32.3,
        "Book Price": 9.2
      }
    },
    {
      "quarter": "Q1 2012",
      "income status": {
        "Net sales": 511701,
        "Cost of goods sold": 480153,
        "Gross Profit": 31548,
        "Financial expenses": 3091,
        "Of which: Interest expense": 11757,
        "Cost of sales": 5157,
        "Enterprise cost management": 4313,
        "Total Operating Expenses": 12561,
        "Total revenue financing activities": 965,
        "Net profit from business activities": 19952,
        "Profit": 1551,
        "Profit before tax": 21503,
        "Present corporate income tax expenses": 5476,
        "Deferred income taxes expenses": "N/A",
        "The interests of minority shareholders": 150,
        "Total Cost of profits": 5626,
        "Profit after tax corporate income": 15877,
        "Volume": 51955884,
        "Close of Quarter": 3.7,
        "EPS": -89.3,
        "Non-adjusted EPS": -143,
        "PE": -25.5,
        "Book Price": 9.0
      }
    },
    {
      "quarter": "Q4 2011",
      "income status": {
        "Net sales": 591159,
        "Cost of goods sold": 580035,
        "Gross Profit": 11124,
        "Financial expenses": 37754,
        "Of which: Interest expense": 13466,
        "Cost of sales": 6827,
        "Enterprise cost management": 8308,
        "Total Operating Expenses": 52889,
        "Total revenue financing activities": 1493,
        "Net profit from business activities": -40273,
        "Profit": -3192,
        "Profit before tax": 30966,
        "Present corporate income tax expenses": -3022,
        "Deferred income taxes expenses": -557,
        "The interests of minority shareholders": 354,
        "Total Cost of profits": -3225,
        "Profit after tax corporate income": -40240,
        "Volume": 52755884,
        "Close of Quarter": 2.9,
        "EPS": 132.6,
        "Non-adjusted EPS": 209,
        "PE": 14.1,
        "Book Price": 8.8
      }
    },
    {
      "quarter": "Q3 2011",
      "income status": {
        "Net sales": 853450,
        "Cost of goods sold": 802527,
        "Gross Profit": 50923,
        "Financial expenses": 31409,
        "Of which: Interest expense": 16947,
        "Cost of sales": 6734,
        "Enterprise cost management": 5434,
        "Total Operating Expenses": 43577,
        "Total revenue financing activities": 5085,
        "Net profit from business activities": 12431,
        "Profit": 2480,
        "Profit before tax": 72195,
        "Present corporate income tax expenses": 3438,
        "Deferred income taxes expenses": -920,
        "The interests of minority shareholders": 544,
        "Total Cost of profits": 3062,
        "Profit after tax corporate income": 11849,
        "Volume": 53955884,
        "Close of Quarter": 5.0,
        "EPS": 745.3,
        "Non-adjusted EPS": 1149,
        "PE": 4.4,
        "Book Price": 9.2
      }
    },
    {
      "quarter": "Q2 2011",
      "income status": {
        "Net sales": 790032,
        "Cost of goods sold": 695207,
        "Gross Profit": 94825,
        "Financial expenses": 85696,
        "Of which: Interest expense": 21007,
        "Cost of sales": 5298,
        "Enterprise cost management": 5510,
        "Total Operating Expenses": 96504,
        "Total revenue financing activities": 8605,
        "Net profit from business activities": 6926,
        "Profit": -328,
        "Profit before tax": 6598,
        "Present corporate income tax expenses": 1378,
        "Deferred income taxes expenses": -12,
        "The interests of minority shareholders": 131,
        "Total Cost of profits": 1497,
        "Profit after tax corporate income": 5101,
        "Volume": 57706814,
        "Close of Quarter": 5.2,
        "EPS": 751.3,
        "Non-adjusted EPS": 1083,
        "PE": 4.8,
        "Book Price": 9.2
      }
    },
    {
      "quarter": "Q1 2011",
      "income status": {
        "Net sales": 726978,
        "Cost of goods sold": 608468,
        "Gross Profit": 118509,
        "Financial expenses": 68341,
        "Of which: Interest expense": 23493,
        "Cost of sales": 5964,
        "Enterprise cost management": 5081,
        "Total Operating Expenses": 79386,
        "Total revenue financing activities": 7113,
        "Net profit from business activities": 46236,
        "Profit": -343,
        "Profit before tax": 45894,
        "Present corporate income tax expenses": 11227,
        "Deferred income taxes expenses": -966,
        "The interests of minority shareholders": 1327,
        "Total Cost of profits": 11588,
        "Profit after tax corporate income": 34306,
        "Volume": 57706814,
        "Close of Quarter": 5.1,
        "EPS": 886.6,
        "Non-adjusted EPS": 1278,
        "PE": 4.0,
        "Book Price": 10.1
      }
    },
    {
      "quarter": "Q4 2010",
      "income status": {
        "Net sales": 710131,
        "Cost of goods sold": 657562,
        "Gross Profit": 52570,
        "Financial expenses": 32020,
        "Of which: Interest expense": 23016,
        "Cost of sales": 6144,
        "Enterprise cost management": 5391,
        "Total Operating Expenses": 43555,
        "Total revenue financing activities": 6121,
        "Net profit from business activities": 15135,
        "Profit": -2016,
        "Profit before tax": 13119,
        "Present corporate income tax expenses": 2221,
        "Deferred income taxes expenses": -82,
        "The interests of minority shareholders": 249,
        "Total Cost of profits": 2388,
        "Profit after tax corporate income": 10731,
        "Volume": 54000000,
        "Close of Quarter": 7.2,
        "EPS": 945.2,
        "Non-adjusted EPS": 1456,
        "PE": 5.0,
        "Book Price": 9.9
      }
    },
    {
      "quarter": "Q3 2010",
      "income status": {
        "Net sales": 713077,
        "Cost of goods sold": 665800,
        "Gross Profit": 47277,
        "Financial expenses": 27552,
        "Of which: Interest expense": 19213,
        "Cost of sales": 5744,
        "Enterprise cost management": 5732,
        "Total Operating Expenses": 39028,
        "Total revenue financing activities": 6788,
        "Net profit from business activities": 15037,
        "Profit": 2134,
        "Profit before tax": 17171,
        "Present corporate income tax expenses": 4666,
        "Deferred income taxes expenses": "N/A",
        "The interests of minority shareholders": 169,
        "Total Cost of profits": 4835,
        "Profit after tax corporate income": 12336,
        "Volume": 54000000,
        "Close of Quarter": 8.7,
        "EPS": 1565.8,
        "Non-adjusted EPS": 2412,
        "PE": 3.6,
        "Book Price": 9.7
      }
    },
    {
      "quarter": "Q2 2010",
      "income status": {
        "Net sales": 927180,
        "Cost of goods sold": 843589,
        "Gross Profit": 83591,
        "Financial expenses": 63072,
        "Of which: Interest expense": 18767,
        "Cost of sales": 4706,
        "Enterprise cost management": 3310,
        "Total Operating Expenses": 71088,
        "Total revenue financing activities": 8439,
        "Net profit from business activities": 20942,
        "Profit": -26,
        "Profit before tax": 20916,
        "Present corporate income tax expenses": 4327,
        "Deferred income taxes expenses": -47,
        "The interests of minority shareholders": 267,
        "Total Cost of profits": 4547,
        "Profit after tax corporate income": 16369,
        "Volume": 54000000,
        "Close of Quarter": 11.2,
        "EPS": 2295.4,
        "Non-adjusted EPS": 3536,
        "PE": 3.2,
        "Book Price": 9.5
      }
    },
    {
      "quarter": "Q1 2010",
      "income status": {
        "Net sales": 651061,
        "Cost of goods sold": 574326,
        "Gross Profit": 76734,
        "Financial expenses": 20839,
        "Of which: Interest expense": 14698,
        "Cost of sales": 4770,
        "Enterprise cost management": 3016,
        "Total Operating Expenses": 28625,
        "Total revenue financing activities": 5373,
        "Net profit from business activities": 53482,
        "Profit": -987,
        "Profit before tax": 52496,
        "Present corporate income tax expenses": 12638,
        "Deferred income taxes expenses": -3,
        "The interests of minority shareholders": 663,
        "Total Cost of profits": 13298,
        "Profit after tax corporate income": 39198,
        "Volume": 54000000,
        "Close of Quarter": 15.6,
        "EPS": 2117.5,
        "Non-adjusted EPS": 3262,
        "PE": 4.8,
        "Book Price": 9.7
      }
    },
    {
      "quarter": "Q4 2009",
      "income status": {
        "Net sales": 800108,
        "Cost of goods sold": 711179,
        "Gross Profit": 88929,
        "Financial expenses": 34007,
        "Of which: Interest expense": 6494,
        "Cost of sales": 5595,
        "Enterprise cost management": 3696,
        "Total Operating Expenses": 43298,
        "Total revenue financing activities": 24845,
        "Net profit from business activities": 70476,
        "Profit": 6924,
        "Profit before tax": 77400,
        "Present corporate income tax expenses": 14145,
        "Deferred income taxes expenses": -240,
        "The interests of minority shareholders": 1175,
        "Total Cost of profits": 15080,
        "Profit after tax corporate income": 62321,
        "Volume": 54000000,
        "Close of Quarter": "N/A",
        "EPS": 1646.9,
        "Non-adjusted EPS": 2537,
        "PE": "N/A",
        "Book Price": 9.3
      }
    },
    {
      "quarter": "Q3 2009",
      "income status": {
        "Net sales": 899601,
        "Cost of goods sold": 755254,
        "Gross Profit": 144347,
        "Financial expenses": 46350,
        "Of which: Interest expense": 815,
        "Cost of sales": -556,
        "Enterprise cost management": 5678,
        "Total Operating Expenses": 51472,
        "Total revenue financing activities": 3987,
        "Net profit from business activities": 96862,
        "Profit": -301,
        "Profit before tax": 103058,
        "Present corporate income tax expenses": "N/A",
        "Deferred income taxes expenses": "N/A",
        "The interests of minority shareholders": 5371,
        "Total Cost of profits": 5371,
        "Profit after tax corporate income": 73053,
        "Volume": 54000000,
        "Close of Quarter": "N/A",
        "EPS": 897.1,
        "Non-adjusted EPS": 1382,
        "PE": "N/A",
        "Book Price": 6.8
      }
    },
    {
      "quarter": "Q2 2009",
      "income status": {
        "Net sales": 321527,
        "Cost of goods sold": 14205,
        "Gross Profit": "N/A",
        "Financial expenses": "N/A",
        "Of which: Interest expense": "N/A",
        "Cost of sales": "N/A",
        "Enterprise cost management": "N/A",
        "Total Operating Expenses": 0,
        "Total revenue financing activities": "N/A",
        "Net profit from business activities": "N/A",
        "Profit": "N/A",
        "Profit before tax": 3209,
        "Present corporate income tax expenses": "N/A",
        "Deferred income taxes expenses": "N/A",
        "The interests of minority shareholders": 805,
        "Total Cost of profits": 805,
        "Profit after tax corporate income": 1599,
        "Volume": 54000000,
        "Close of Quarter": "N/A",
        "EPS": 19.5,
        "Non-adjusted EPS": 30,
        "PE": "N/A",
        "Book Price": 5.5
      }
    }
  ]
}