{
  "ticker": "VTX",
  "data": [
    {
      "quarter": "Q1 2017",
      "income status": {
        "Net sales": 53835,
        "Cost of goods sold": 38551,
        "Gross Profit": 15284,
        "Financial expenses": 227,
        "Of which: Interest expense": 173,
        "Cost of sales": "N/A",
        "Enterprise cost management": 5366,
        "Total Operating Expenses": 5593,
        "Total revenue financing activities": 727,
        "Net profit from business activities": 10418,
        "Profit": 2266,
        "Profit before tax": 12683,
        "Present corporate income tax expenses": 3046,
        "Deferred income taxes expenses": "N/A",
        "The interests of minority shareholders": "N/A",
        "Total Cost of profits": 3046,
        "Profit after tax corporate income": 9637,
        "Volume": 20972321,
        "Close of Quarter": 13.7,
        "EPS": 2564,
        "Non-adjusted EPS": 2564,
        "PE": 5.4,
        "Book Price": 13.7
      }
    },
    {
      "quarter": "Q4 2016",
      "income status": {
        "Net sales": 152947,
        "Cost of goods sold": 117329,
        "Gross Profit": 35618,
        "Financial expenses": 126,
        "Of which: Interest expense": 284,
        "Cost of sales": "N/A",
        "Enterprise cost management": 14633,
        "Total Operating Expenses": 14759,
        "Total revenue financing activities": 873,
        "Net profit from business activities": 21733,
        "Profit": 7532,
        "Profit before tax": 29264,
        "Present corporate income tax expenses": 7027,
        "Deferred income taxes expenses": "N/A",
        "The interests of minority shareholders": "N/A",
        "Total Cost of profits": 7027,
        "Profit after tax corporate income": 22238,
        "Volume": 20972321,
        "Close of Quarter": 12.8,
        "EPS": 2321,
        "Non-adjusted EPS": 2321,
        "PE": 5.5,
        "Book Price": 13.2
      }
    },
    {
      "quarter": "Q3 2016",
      "income status": {
        "Net sales": 84735,
        "Cost of goods sold": 66955,
        "Gross Profit": 17781,
        "Financial expenses": 519,
        "Of which: Interest expense": 511,
        "Cost of sales": "N/A",
        "Enterprise cost management": 9822,
        "Total Operating Expenses": 10341,
        "Total revenue financing activities": 589,
        "Net profit from business activities": 8028,
        "Profit": 3819,
        "Profit before tax": 11847,
        "Present corporate income tax expenses": 2369,
        "Deferred income taxes expenses": "N/A",
        "The interests of minority shareholders": "N/A",
        "Total Cost of profits": 2369,
        "Profit after tax corporate income": 9478,
        "Volume": 20972321,
        "Close of Quarter": 16.0,
        "EPS": 1619,
        "Non-adjusted EPS": 1619,
        "PE": 9.9,
        "Book Price": 12.2
      }
    },
    {
      "quarter": "Q2 2016",
      "income status": {
        "Net sales": 112878,
        "Cost of goods sold": 86555,
        "Gross Profit": 26323,
        "Financial expenses": 528,
        "Of which: Interest expense": 525,
        "Cost of sales": "N/A",
        "Enterprise cost management": 11219,
        "Total Operating Expenses": 11747,
        "Total revenue financing activities": 808,
        "Net profit from business activities": 15385,
        "Profit": 122,
        "Profit before tax": 15507,
        "Present corporate income tax expenses": 3080,
        "Deferred income taxes expenses": "N/A",
        "The interests of minority shareholders": "N/A",
        "Total Cost of profits": 3080,
        "Profit after tax corporate income": 12427,
        "Volume": 20972321,
        "Close of Quarter": 15.1,
        "EPS": 1313,
        "Non-adjusted EPS": 1313,
        "PE": 11.5,
        "Book Price": 11.7
      }
    },
    {
      "quarter": "Q1 2016",
      "income status": {
        "Net sales": 75053,
        "Cost of goods sold": 66705,
        "Gross Profit": 8348,
        "Financial expenses": 639,
        "Of which: Interest expense": 469,
        "Cost of sales": "N/A",
        "Enterprise cost management": 8174,
        "Total Operating Expenses": 8813,
        "Total revenue financing activities": 554,
        "Net profit from business activities": 90,
        "Profit": 5300,
        "Profit before tax": 5389,
        "Present corporate income tax expenses": 846,
        "Deferred income taxes expenses": "N/A",
        "The interests of minority shareholders": "N/A",
        "Total Cost of profits": 846,
        "Profit after tax corporate income": 4543,
        "Volume": 20972321,
        "Close of Quarter": 15.5,
        "EPS": 854,
        "Non-adjusted EPS": 854,
        "PE": 18.2,
        "Book Price": 11.6
      }
    },
    {
      "quarter": "Q4 2015",
      "income status": {
        "Net sales": 161778,
        "Cost of goods sold": 130683,
        "Gross Profit": 31095,
        "Financial expenses": -2602,
        "Of which: Interest expense": 849,
        "Cost of sales": "N/A",
        "Enterprise cost management": 26739,
        "Total Operating Expenses": 24137,
        "Total revenue financing activities": 660,
        "Net profit from business activities": 7618,
        "Profit": -112,
        "Profit before tax": 7506,
        "Present corporate income tax expenses": "N/A",
        "Deferred income taxes expenses": "N/A",
        "The interests of minority shareholders": "N/A",
        "Total Cost of profits": 0,
        "Profit after tax corporate income": 7506,
        "Volume": 20972321,
        "Close of Quarter": 12.0,
        "EPS": 875,
        "Non-adjusted EPS": 875,
        "PE": 13.7,
        "Book Price": 11.4
      }
    },
    {
      "quarter": "Q3 2015",
      "income status": {
        "Net sales": 127968,
        "Cost of goods sold": 111117,
        "Gross Profit": 16851,
        "Financial expenses": 2301,
        "Of which: Interest expense": 1643,
        "Cost of sales": "N/A",
        "Enterprise cost management": 12648,
        "Total Operating Expenses": 14949,
        "Total revenue financing activities": 771,
        "Net profit from business activities": 2674,
        "Profit": 390,
        "Profit before tax": 3064,
        "Present corporate income tax expenses": "N/A",
        "Deferred income taxes expenses": "N/A",
        "The interests of minority shareholders": "N/A",
        "Total Cost of profits": 0,
        "Profit after tax corporate income": 3064,
        "Volume": 20972321,
        "Close of Quarter": 7.1,
        "EPS": 583,
        "Non-adjusted EPS": 583,
        "PE": 12.2,
        "Book Price": 11.2
      }
    },
    {
      "quarter": "Q2 2015",
      "income status": {
        "Net sales": 153164,
        "Cost of goods sold": 130130,
        "Gross Profit": 23034,
        "Financial expenses": 5844,
        "Of which: Interest expense": 2179,
        "Cost of sales": "N/A",
        "Enterprise cost management": 13792,
        "Total Operating Expenses": 19636,
        "Total revenue financing activities": -883,
        "Net profit from business activities": 2515,
        "Profit": 288,
        "Profit before tax": 2803,
        "Present corporate income tax expenses": "N/A",
        "Deferred income taxes expenses": "N/A",
        "The interests of minority shareholders": "N/A",
        "Total Cost of profits": 0,
        "Profit after tax corporate income": 2803,
        "Volume": 20972321,
        "Close of Quarter": 7.1,
        "EPS": 488,
        "Non-adjusted EPS": 488,
        "PE": 14.6,
        "Book Price": 11
      }
    },
    {
      "quarter": "Q1 2015",
      "income status": {
        "Net sales": 137501,
        "Cost of goods sold": 120954,
        "Gross Profit": 16547,
        "Financial expenses": 2163,
        "Of which: Interest expense": 2147,
        "Cost of sales": "N/A",
        "Enterprise cost management": 13046,
        "Total Operating Expenses": 15209,
        "Total revenue financing activities": 3625,
        "Net profit from business activities": 4963,
        "Profit": 16,
        "Profit before tax": 4979,
        "Present corporate income tax expenses": "N/A",
        "Deferred income taxes expenses": "N/A",
        "The interests of minority shareholders": "N/A",
        "Total Cost of profits": 0,
        "Profit after tax corporate income": 4979,
        "Volume": 20972321,
        "Close of Quarter": 6.8,
        "EPS": 444,
        "Non-adjusted EPS": 444,
        "PE": 15.3,
        "Book Price": 11.4
      }
    },
    {
      "quarter": "Q4 2014",
      "income status": {
        "Net sales": 131870,
        "Cost of goods sold": 114597,
        "Gross Profit": 17274,
        "Financial expenses": 2924,
        "Of which: Interest expense": 2919,
        "Cost of sales": "N/A",
        "Enterprise cost management": 18785,
        "Total Operating Expenses": 21709,
        "Total revenue financing activities": 5001,
        "Net profit from business activities": 566,
        "Profit": 813,
        "Profit before tax": 1379,
        "Present corporate income tax expenses": "N/A",
        "Deferred income taxes expenses": "N/A",
        "The interests of minority shareholders": "N/A",
        "Total Cost of profits": 0,
        "Profit after tax corporate income": 1379,
        "Volume": 20972321,
        "Close of Quarter": 8.5,
        "EPS": 213,
        "Non-adjusted EPS": 213,
        "PE": 39.8,
        "Book Price": 11
      }
    },
    {
      "quarter": "Q3 2014",
      "income status": {
        "Net sales": 158442,
        "Cost of goods sold": 168755,
        "Gross Profit": -10313,
        "Financial expenses": 3793,
        "Of which: Interest expense": 3604,
        "Cost of sales": "N/A",
        "Enterprise cost management": 8155,
        "Total Operating Expenses": 11948,
        "Total revenue financing activities": 134,
        "Net profit from business activities": -22127,
        "Profit": 29879,
        "Profit before tax": 7752,
        "Present corporate income tax expenses": 6682,
        "Deferred income taxes expenses": "N/A",
        "The interests of minority shareholders": "N/A",
        "Total Cost of profits": 6682,
        "Profit after tax corporate income": 1070,
        "Volume": 20972321,
        "Close of Quarter": 6.5,
        "EPS": 151,
        "Non-adjusted EPS": 151,
        "PE": 43.3,
        "Book Price": 11.1
      }
    },
    {
      "quarter": "Q2 2014",
      "income status": {
        "Net sales": 134756,
        "Cost of goods sold": 118121,
        "Gross Profit": 16635,
        "Financial expenses": 6428,
        "Of which: Interest expense": 4822,
        "Cost of sales": "N/A",
        "Enterprise cost management": 12088,
        "Total Operating Expenses": 18516,
        "Total revenue financing activities": 180,
        "Net profit from business activities": -1702,
        "Profit": 4552,
        "Profit before tax": 2850,
        "Present corporate income tax expenses": 974,
        "Deferred income taxes expenses": "N/A",
        "The interests of minority shareholders": "N/A",
        "Total Cost of profits": 974,
        "Profit after tax corporate income": 1876,
        "Volume": 20972321,
        "Close of Quarter": 4.1,
        "EPS": 125,
        "Non-adjusted EPS": 125,
        "PE": 32.9,
        "Book Price": 11.1
      }
    },
    {
      "quarter": "Q1 2014",
      "income status": {
        "Net sales": 63646,
        "Cost of goods sold": 53093,
        "Gross Profit": 10553,
        "Financial expenses": 4322,
        "Of which: Interest expense": 4285,
        "Cost of sales": "N/A",
        "Enterprise cost management": 6131,
        "Total Operating Expenses": 10453,
        "Total revenue financing activities": 35,
        "Net profit from business activities": 134,
        "Profit": 1,
        "Profit before tax": 135,
        "Present corporate income tax expenses": "N/A",
        "Deferred income taxes expenses": "N/A",
        "The interests of minority shareholders": "N/A",
        "Total Cost of profits": 0,
        "Profit after tax corporate income": 135,
        "Volume": 20972321,
        "Close of Quarter": "N/A",
        "EPS": 36,
        "Non-adjusted EPS": 36,
        "PE": "N/A",
        "Book Price": 11
      }
    },
    {
      "quarter": "Q4 2013",
      "income status": {
        "Net sales": 108038,
        "Cost of goods sold": 92028,
        "Gross Profit": 16010,
        "Financial expenses": 6615,
        "Of which: Interest expense": 5220,
        "Cost of sales": 13,
        "Enterprise cost management": 10448,
        "Total Operating Expenses": 17076,
        "Total revenue financing activities": 50,
        "Net profit from business activities": -1016,
        "Profit": 1102,
        "Profit before tax": 86,
        "Present corporate income tax expenses": "N/A",
        "Deferred income taxes expenses": "N/A",
        "The interests of minority shareholders": "N/A",
        "Total Cost of profits": 0,
        "Profit after tax corporate income": 86,
        "Volume": 20972321,
        "Close of Quarter": "N/A",
        "EPS": 29,
        "Non-adjusted EPS": 29,
        "PE": "N/A",
        "Book Price": 11
      }
    },
    {
      "quarter": "Q3 2013",
      "income status": {
        "Net sales": 96629,
        "Cost of goods sold": 85595,
        "Gross Profit": 11034,
        "Financial expenses": 6628,
        "Of which: Interest expense": 4807,
        "Cost of sales": "N/A",
        "Enterprise cost management": 9083,
        "Total Operating Expenses": 15711,
        "Total revenue financing activities": 53,
        "Net profit from business activities": -4625,
        "Profit": 6727,
        "Profit before tax": 2102,
        "Present corporate income tax expenses": 1575,
        "Deferred income taxes expenses": "N/A",
        "The interests of minority shareholders": "N/A",
        "Total Cost of profits": 1575,
        "Profit after tax corporate income": 528,
        "Volume": 20972321,
        "Close of Quarter": "N/A",
        "EPS": 25,
        "Non-adjusted EPS": 25,
        "PE": "N/A",
        "Book Price": 11
      }
    }
  ]
}