{
  "ticker": "SII",
  "data": [
    {
      "quarter": "Q1 2017",
      "income status": {
        "Net sales": 29151,
        "Cost of goods sold": 25119,
        "Gross Profit": 4032,
        "Financial expenses": 30015,
        "Of which: Interest expense": 29390,
        "Cost of sales": 13239,
        "Enterprise cost management": 11645,
        "Total Operating Expenses": 54899,
        "Total revenue financing activities": 6836,
        "Net profit from business activities": -40876,
        "Profit": 29619,
        "Profit before tax": -11257,
        "Present corporate income tax expenses": 51,
        "Deferred income taxes expenses": -43,
        "The interests of minority shareholders": -1740,
        "Total Cost of profits": -1732,
        "Profit after tax corporate income": -9525,
        "Volume": 58370000,
        "Close of Quarter": 26.9,
        "EPS": 403,
        "Non-adjusted EPS": 403,
        "PE": 66.8,
        "Book Price": 23.2
      }
    },
    {
      "quarter": "Q4 2016",
      "income status": {
        "Net sales": 146704,
        "Cost of goods sold": 121388,
        "Gross Profit": 25316,
        "Financial expenses": 5745,
        "Of which: Interest expense": 5745,
        "Cost of sales": 1569,
        "Enterprise cost management": 20603,
        "Total Operating Expenses": 27917,
        "Total revenue financing activities": 8998,
        "Net profit from business activities": 9669,
        "Profit": -389,
        "Profit before tax": 9281,
        "Present corporate income tax expenses": 4390,
        "Deferred income taxes expenses": -713,
        "The interests of minority shareholders": 28,
        "Total Cost of profits": 3705,
        "Profit after tax corporate income": 5575,
        "Volume": 58370000,
        "Close of Quarter": 34.7,
        "EPS": 569,
        "Non-adjusted EPS": 569,
        "PE": 61.0,
        "Book Price": 21.9
      }
    },
    {
      "quarter": "Q3 2016",
      "income status": {
        "Net sales": 43305,
        "Cost of goods sold": 35045,
        "Gross Profit": 8259,
        "Financial expenses": 4506,
        "Of which: Interest expense": 4506,
        "Cost of sales": 1918,
        "Enterprise cost management": 7842,
        "Total Operating Expenses": 14266,
        "Total revenue financing activities": 8151,
        "Net profit from business activities": 2240,
        "Profit": -307,
        "Profit before tax": 1933,
        "Present corporate income tax expenses": 354,
        "Deferred income taxes expenses": -216,
        "The interests of minority shareholders": -954,
        "Total Cost of profits": -816,
        "Profit after tax corporate income": 2750,
        "Volume": 58370000,
        "Close of Quarter": 32,
        "EPS": 872,
        "Non-adjusted EPS": 872,
        "PE": 36.7,
        "Book Price": 21.8
      }
    },
    {
      "quarter": "Q2 2016",
      "income status": {
        "Net sales": 45419,
        "Cost of goods sold": 39160,
        "Gross Profit": 6259,
        "Financial expenses": 4509,
        "Of which: Interest expense": 4443,
        "Cost of sales": 984,
        "Enterprise cost management": 7624,
        "Total Operating Expenses": 13117,
        "Total revenue financing activities": 27410,
        "Net profit from business activities": 22522,
        "Profit": 57,
        "Profit before tax": 22579,
        "Present corporate income tax expenses": 20,
        "Deferred income taxes expenses": -290,
        "The interests of minority shareholders": -1853,
        "Total Cost of profits": -2123,
        "Profit after tax corporate income": 24702,
        "Volume": 58370000,
        "Close of Quarter": 26,
        "EPS": 2444,
        "Non-adjusted EPS": 2444,
        "PE": 10.6,
        "Book Price": 21.7
      }
    },
    {
      "quarter": "Q1 2016",
      "income status": {
        "Net sales": 26531,
        "Cost of goods sold": 21457,
        "Gross Profit": 5074,
        "Financial expenses": 5213,
        "Of which: Interest expense": 5213,
        "Cost of sales": 752,
        "Enterprise cost management": 6839,
        "Total Operating Expenses": 12804,
        "Total revenue financing activities": 1952,
        "Net profit from business activities": -2028,
        "Profit": -58,
        "Profit before tax": -2087,
        "Present corporate income tax expenses": 75,
        "Deferred income taxes expenses": -118,
        "The interests of minority shareholders": -2235,
        "Total Cost of profits": -2278,
        "Profit after tax corporate income": 192,
        "Volume": 58370000,
        "Close of Quarter": 26,
        "EPS": 2069,
        "Non-adjusted EPS": 2069,
        "PE": 12.6,
        "Book Price": 21.4
      }
    },
    {
      "quarter": "Q4 2015",
      "income status": {
        "Net sales": 158668,
        "Cost of goods sold": 134582,
        "Gross Profit": 24085,
        "Financial expenses": 6545,
        "Of which: Interest expense": 6545,
        "Cost of sales": 586,
        "Enterprise cost management": 7955,
        "Total Operating Expenses": 15086,
        "Total revenue financing activities": 13401,
        "Net profit from business activities": 27796,
        "Profit": -13,
        "Profit before tax": 27784,
        "Present corporate income tax expenses": 4845,
        "Deferred income taxes expenses": -8584,
        "The interests of minority shareholders": 500,
        "Total Cost of profits": -3239,
        "Profit after tax corporate income": 23247,
        "Volume": 58370000,
        "Close of Quarter": 26.9,
        "EPS": 2081,
        "Non-adjusted EPS": 2081,
        "PE": 12.9,
        "Book Price": 21.8
      }
    },
    {
      "quarter": "Q3 2015",
      "income status": {
        "Net sales": 398869,
        "Cost of goods sold": 252829,
        "Gross Profit": 146040,
        "Financial expenses": 3968,
        "Of which: Interest expense": 3968,
        "Cost of sales": "N/A",
        "Enterprise cost management": 6994,
        "Total Operating Expenses": 10962,
        "Total revenue financing activities": 344,
        "Net profit from business activities": 139350,
        "Profit": 441,
        "Profit before tax": 139791,
        "Present corporate income tax expenses": 31150,
        "Deferred income taxes expenses": -589,
        "The interests of minority shareholders": 14720,
        "Total Cost of profits": 45281,
        "Profit after tax corporate income": 94510,
        "Volume": 58370000,
        "Close of Quarter": 34.7,
        "EPS": 1750,
        "Non-adjusted EPS": 1750,
        "PE": 19.8,
        "Book Price": 16
      }
    },
    {
      "quarter": "Q2 2015",
      "income status": {
        "Net sales": 15424,
        "Cost of goods sold": 10810,
        "Gross Profit": 4614,
        "Financial expenses": 2126,
        "Of which: Interest expense": 2126,
        "Cost of sales": 3,
        "Enterprise cost management": 6117,
        "Total Operating Expenses": 8246,
        "Total revenue financing activities": 5520,
        "Net profit from business activities": 2833,
        "Profit": -45,
        "Profit before tax": 2789,
        "Present corporate income tax expenses": "N/A",
        "Deferred income taxes expenses": -105,
        "The interests of minority shareholders": 66,
        "Total Cost of profits": -39,
        "Profit after tax corporate income": 2828,
        "Volume": 58370000,
        "Close of Quarter": 27.5,
        "EPS": 178,
        "Non-adjusted EPS": 178,
        "PE": 154.5,
        "Book Price": 14.1
      }
    },
    {
      "quarter": "Q1 2015",
      "income status": {
        "Net sales": 18900,
        "Cost of goods sold": 13274,
        "Gross Profit": 5626,
        "Financial expenses": 1837,
        "Of which: Interest expense": 1835,
        "Cost of sales": "N/A",
        "Enterprise cost management": 4779,
        "Total Operating Expenses": 6616,
        "Total revenue financing activities": 1677,
        "Net profit from business activities": 1503,
        "Profit": -57,
        "Profit before tax": 1447,
        "Present corporate income tax expenses": 356,
        "Deferred income taxes expenses": 5,
        "The interests of minority shareholders": 219,
        "Total Cost of profits": 580,
        "Profit after tax corporate income": 866,
        "Volume": 58370000,
        "Close of Quarter": 23.5,
        "EPS": 207,
        "Non-adjusted EPS": 207,
        "PE": 113.5,
        "Book Price": 13.9
      }
    },
    {
      "quarter": "Q4 2014",
      "income status": {
        "Net sales": 47153,
        "Cost of goods sold": 36808,
        "Gross Profit": 10346,
        "Financial expenses": 2072,
        "Of which: Interest expense": 2072,
        "Cost of sales": "N/A",
        "Enterprise cost management": 6022,
        "Total Operating Expenses": 8094,
        "Total revenue financing activities": 2135,
        "Net profit from business activities": 5044,
        "Profit": 33,
        "Profit before tax": 5078,
        "Present corporate income tax expenses": 195,
        "Deferred income taxes expenses": 5,
        "The interests of minority shareholders": 957,
        "Total Cost of profits": 1157,
        "Profit after tax corporate income": 3921,
        "Volume": 58370000,
        "Close of Quarter": 24.3,
        "EPS": 231,
        "Non-adjusted EPS": 231,
        "PE": 105.2,
        "Book Price": 13.7
      }
    },
    {
      "quarter": "Q3 2014",
      "income status": {
        "Net sales": 12062,
        "Cost of goods sold": 8106,
        "Gross Profit": 3956,
        "Financial expenses": 2333,
        "Of which: Interest expense": 2333,
        "Cost of sales": 4,
        "Enterprise cost management": 5938,
        "Total Operating Expenses": 8275,
        "Total revenue financing activities": 7023,
        "Net profit from business activities": 2695,
        "Profit": 9,
        "Profit before tax": 2704,
        "Present corporate income tax expenses": "N/A",
        "Deferred income taxes expenses": 5,
        "The interests of minority shareholders": -85,
        "Total Cost of profits": -80,
        "Profit after tax corporate income": 2784,
        "Volume": 58370000,
        "Close of Quarter": 21.7,
        "EPS": 86,
        "Non-adjusted EPS": 86,
        "PE": 252.3,
        "Book Price": 13.6
      }
    },
    {
      "quarter": "Q2 2014",
      "income status": {
        "Net sales": 14156,
        "Cost of goods sold": 10344,
        "Gross Profit": 3812,
        "Financial expenses": 2275,
        "Of which: Interest expense": 4698,
        "Cost of sales": 6,
        "Enterprise cost management": 5765,
        "Total Operating Expenses": 8046,
        "Total revenue financing activities": 7548,
        "Net profit from business activities": 4363,
        "Profit": 97,
        "Profit before tax": 4460,
        "Present corporate income tax expenses": "N/A",
        "Deferred income taxes expenses": 5,
        "The interests of minority shareholders": -74,
        "Total Cost of profits": -69,
        "Profit after tax corporate income": 4529,
        "Volume": 58370000,
        "Close of Quarter": 17.6,
        "EPS": -209,
        "Non-adjusted EPS": -209,
        "PE": -84.2,
        "Book Price": 13.3
      }
    },
    {
      "quarter": "Q1 2014",
      "income status": {
        "Net sales": 12907,
        "Cost of goods sold": 8663,
        "Gross Profit": 4244,
        "Financial expenses": 2692,
        "Of which: Interest expense": 269,
        "Cost of sales": "N/A",
        "Enterprise cost management": 4705,
        "Total Operating Expenses": 7397,
        "Total revenue financing activities": 3723,
        "Net profit from business activities": 999,
        "Profit": 1458,
        "Profit before tax": 2457,
        "Present corporate income tax expenses": "N/A",
        "Deferred income taxes expenses": -77,
        "The interests of minority shareholders": 276,
        "Total Cost of profits": 199,
        "Profit after tax corporate income": 2258,
        "Volume": 58370000,
        "Close of Quarter": 18.7,
        "EPS": -427,
        "Non-adjusted EPS": -427,
        "PE": -43.8,
        "Book Price": 13.2
      }
    },
    {
      "quarter": "Q4 2013",
      "income status": {
        "Net sales": 10720,
        "Cost of goods sold": 7390,
        "Gross Profit": 3330,
        "Financial expenses": 19052,
        "Of which: Interest expense": 4412,
        "Cost of sales": 56,
        "Enterprise cost management": 6220,
        "Total Operating Expenses": 25328,
        "Total revenue financing activities": 16936,
        "Net profit from business activities": -5062,
        "Profit": -83,
        "Profit before tax": -4930,
        "Present corporate income tax expenses": "N/A",
        "Deferred income taxes expenses": "N/A",
        "The interests of minority shareholders": -377,
        "Total Cost of profits": -377,
        "Profit after tax corporate income": -4553,
        "Volume": 58370000,
        "Close of Quarter": 17,
        "EPS": 14,
        "Non-adjusted EPS": 14,
        "PE": 1214.3,
        "Book Price": 13
      }
    },
    {
      "quarter": "Q3 2013",
      "income status": {
        "Net sales": 17720,
        "Cost of goods sold": 15968,
        "Gross Profit": 1752,
        "Financial expenses": 22026,
        "Of which: Interest expense": "N/A",
        "Cost of sales": 399,
        "Enterprise cost management": 4170,
        "Total Operating Expenses": 26595,
        "Total revenue financing activities": 40488,
        "Net profit from business activities": 15646,
        "Profit": 66,
        "Profit before tax": -14636,
        "Present corporate income tax expenses": "N/A",
        "Deferred income taxes expenses": "N/A",
        "The interests of minority shareholders": -187,
        "Total Cost of profits": -187,
        "Profit after tax corporate income": -14449,
        "Volume": 40000000,
        "Close of Quarter": 15,
        "EPS": 676.4,
        "Non-adjusted EPS": 987,
        "PE": 15.2,
        "Book Price": 7.9
      }
    },
    {
      "quarter": "Q2 2013",
      "income status": {
        "Net sales": 8262,
        "Cost of goods sold": 5311,
        "Gross Profit": 2951,
        "Financial expenses": 8032,
        "Of which: Interest expense": 7952,
        "Cost of sales": "N/A",
        "Enterprise cost management": 4463,
        "Total Operating Expenses": 12495,
        "Total revenue financing activities": 3465,
        "Net profit from business activities": -6080,
        "Profit": -1,
        "Profit before tax": -8383,
        "Present corporate income tax expenses": "N/A",
        "Deferred income taxes expenses": "N/A",
        "The interests of minority shareholders": -216,
        "Total Cost of profits": -216,
        "Profit after tax corporate income": -8167,
        "Volume": 40000000,
        "Close of Quarter": 14.9,
        "EPS": 1127.3,
        "Non-adjusted EPS": 1645,
        "PE": 9.1,
        "Book Price": 8.2
      }
    },
    {
      "quarter": "Q1 2013",
      "income status": {
        "Net sales": 199,
        "Cost of goods sold": 38,
        "Gross Profit": 161,
        "Financial expenses": 6643,
        "Of which: Interest expense": 6558,
        "Cost of sales": 7,
        "Enterprise cost management": 1977,
        "Total Operating Expenses": 8627,
        "Total revenue financing activities": 32160,
        "Net profit from business activities": 23693,
        "Profit": "N/A",
        "Profit before tax": 27862,
        "Present corporate income tax expenses": "N/A",
        "Deferred income taxes expenses": "N/A",
        "The interests of minority shareholders": -126,
        "Total Cost of profits": -126,
        "Profit after tax corporate income": 27988,
        "Volume": 40000000,
        "Close of Quarter": 14.6,
        "EPS": 1267.1,
        "Non-adjusted EPS": 1849,
        "PE": 7.9,
        "Book Price": 8.3
      }
    },
    {
      "quarter": "Q4 2012",
      "income status": {
        "Net sales": 26277,
        "Cost of goods sold": 24172,
        "Gross Profit": 2105,
        "Financial expenses": 22978,
        "Of which: Interest expense": 20256,
        "Cost of sales": "N/A",
        "Enterprise cost management": 1389,
        "Total Operating Expenses": 24367,
        "Total revenue financing activities": 56543,
        "Net profit from business activities": 34281,
        "Profit": 7,
        "Profit before tax": 35478,
        "Present corporate income tax expenses": 701,
        "Deferred income taxes expenses": "N/A",
        "The interests of minority shareholders": 675,
        "Total Cost of profits": 1376,
        "Profit after tax corporate income": 34102,
        "Volume": 40000000,
        "Close of Quarter": 12.1,
        "EPS": 788.1,
        "Non-adjusted EPS": 1150,
        "PE": 10.6,
        "Book Price": 8.8
      }
    },
    {
      "quarter": "Q3 2012",
      "income status": {
        "Net sales": 22660,
        "Cost of goods sold": 8208,
        "Gross Profit": 14451,
        "Financial expenses": 21652,
        "Of which: Interest expense": 11141,
        "Cost of sales": "N/A",
        "Enterprise cost management": 2137,
        "Total Operating Expenses": 23789,
        "Total revenue financing activities": 19749,
        "Net profit from business activities": 10411,
        "Profit": 157,
        "Profit before tax": 12751,
        "Present corporate income tax expenses": "N/A",
        "Deferred income taxes expenses": "N/A",
        "The interests of minority shareholders": 870,
        "Total Cost of profits": 870,
        "Profit after tax corporate income": 11881,
        "Volume": 40000000,
        "Close of Quarter": 9.6,
        "EPS": 203.5,
        "Non-adjusted EPS": 297,
        "PE": 32.2,
        "Book Price": 8.2
      }
    }
  ]
}