{
  "ticker": "MSR",
  "data": [
    {
      "quarter": "Q1 2017",
      "income status": {
        "Net sales": 1175891,
        "Cost of goods sold": 813173,
        "Gross Profit": 362717,
        "Financial expenses": 276380,
        "Of which: Interest expense": 249789,
        "Cost of sales": 37067,
        "Enterprise cost management": 21572,
        "Total Operating Expenses": 335019,
        "Total revenue financing activities": 10671,
        "Net profit from business activities": 38369,
        "Profit": -3319,
        "Profit before tax": 35050,
        "Present corporate income tax expenses": 23,
        "Deferred income taxes expenses": -7705,
        "The interests of minority shareholders": -894,
        "Total Cost of profits": -8576,
        "Profit after tax corporate income": 43626,
        "Volume": 703544898,
        "Close of Quarter": 16.4,
        "EPS": 202,
        "Non-adjusted EPS": 202,
        "PE": 81.2,
        "Book Price": 16.7
      }
    },
    {
      "quarter": "Q4 2016",
      "income status": {
        "Net sales": 1241311,
        "Cost of goods sold": 864872,
        "Gross Profit": 376439,
        "Financial expenses": 313395,
        "Of which: Interest expense": "N/A",
        "Cost of sales": 40197,
        "Enterprise cost management": 29946,
        "Total Operating Expenses": 383538,
        "Total revenue financing activities": 18830,
        "Net profit from business activities": 11731,
        "Profit": -5027,
        "Profit before tax": 6704,
        "Present corporate income tax expenses": 9529,
        "Deferred income taxes expenses": -7617,
        "The interests of minority shareholders": 1083,
        "Total Cost of profits": 2995,
        "Profit after tax corporate income": 3708,
        "Volume": 703544898,
        "Close of Quarter": 14.8,
        "EPS": 156,
        "Non-adjusted EPS": 156,
        "PE": 94.9,
        "Book Price": 16.6
      }
    },
    {
      "quarter": "Q3 2016",
      "income status": {
        "Net sales": 1062041,
        "Cost of goods sold": 806010,
        "Gross Profit": 256031,
        "Financial expenses": 253765,
        "Of which: Interest expense": "N/A",
        "Cost of sales": 33447,
        "Enterprise cost management": 15597,
        "Total Operating Expenses": 302809,
        "Total revenue financing activities": 88092,
        "Net profit from business activities": 41313,
        "Profit": -4968,
        "Profit before tax": 36346,
        "Present corporate income tax expenses": 4784,
        "Deferred income taxes expenses": -7644,
        "The interests of minority shareholders": 2981,
        "Total Cost of profits": 121,
        "Profit after tax corporate income": 36225,
        "Volume": 703544898,
        "Close of Quarter": 12.6,
        "EPS": 163,
        "Non-adjusted EPS": 163,
        "PE": 77.3,
        "Book Price": 16.6
      }
    },
    {
      "quarter": "Q2 2016",
      "income status": {
        "Net sales": 939283,
        "Cost of goods sold": 724130,
        "Gross Profit": 215152,
        "Financial expenses": 188803,
        "Of which: Interest expense": "N/A",
        "Cost of sales": 29692,
        "Enterprise cost management": 28715,
        "Total Operating Expenses": 247210,
        "Total revenue financing activities": 105953,
        "Net profit from business activities": 73895,
        "Profit": -15980,
        "Profit before tax": 57916,
        "Present corporate income tax expenses": 7,
        "Deferred income taxes expenses": -7329,
        "The interests of minority shareholders": 6537,
        "Total Cost of profits": -785,
        "Profit after tax corporate income": 58701,
        "Volume": 703544898,
        "Close of Quarter": 18.6,
        "EPS": 168,
        "Non-adjusted EPS": 168,
        "PE": 110.7,
        "Book Price": 16.6
      }
    },
    {
      "quarter": "Q1 2016",
      "income status": {
        "Net sales": 806183,
        "Cost of goods sold": 550544,
        "Gross Profit": 255639,
        "Financial expenses": 210897,
        "Of which: Interest expense": "N/A",
        "Cost of sales": 29589,
        "Enterprise cost management": 18772,
        "Total Operating Expenses": 259258,
        "Total revenue financing activities": 8172,
        "Net profit from business activities": 4553,
        "Profit": -4953,
        "Profit before tax": -400,
        "Present corporate income tax expenses": "N/A",
        "Deferred income taxes expenses": -6512,
        "The interests of minority shareholders": -5096,
        "Total Cost of profits": -11608,
        "Profit after tax corporate income": 11207,
        "Volume": 703544898,
        "Close of Quarter": 29.8,
        "EPS": 359,
        "Non-adjusted EPS": 359,
        "PE": 83.0,
        "Book Price": 16.5
      }
    },
    {
      "quarter": "Q4 2015",
      "income status": {
        "Net sales": 1084748,
        "Cost of goods sold": 826083,
        "Gross Profit": 258665,
        "Financial expenses": 206171,
        "Of which: Interest expense": "N/A",
        "Cost of sales": 43317,
        "Enterprise cost management": 8702,
        "Total Operating Expenses": 258190,
        "Total revenue financing activities": 10415,
        "Net profit from business activities": 10889,
        "Profit": -5328,
        "Profit before tax": 5560,
        "Present corporate income tax expenses": 4,
        "Deferred income taxes expenses": -6366,
        "The interests of minority shareholders": 3394,
        "Total Cost of profits": -2968,
        "Profit after tax corporate income": 8528,
        "Volume": 703544898,
        "Close of Quarter": 11.8,
        "EPS": 216,
        "Non-adjusted EPS": 216,
        "PE": 54.6,
        "Book Price": 16.5
      }
    },
    {
      "quarter": "Q3 2015",
      "income status": {
        "Net sales": 372501,
        "Cost of goods sold": 223559,
        "Gross Profit": 148942,
        "Financial expenses": 178593,
        "Of which: Interest expense": 163300,
        "Cost of sales": 38063,
        "Enterprise cost management": 63092,
        "Total Operating Expenses": 279748,
        "Total revenue financing activities": 525668,
        "Net profit from business activities": 394863,
        "Profit": -364829,
        "Profit before tax": 30034,
        "Present corporate income tax expenses": 30,
        "Deferred income taxes expenses": -6604,
        "The interests of minority shareholders": -2913,
        "Total Cost of profits": -9487,
        "Profit after tax corporate income": 39520,
        "Volume": 703544898,
        "Close of Quarter": 14.5,
        "EPS": 204,
        "Non-adjusted EPS": 204,
        "PE": 71.1,
        "Book Price": 16.5
      }
    },
    {
      "quarter": "Q2 2015",
      "income status": {
        "Net sales": 379734,
        "Cost of goods sold": 241663,
        "Gross Profit": 138071,
        "Financial expenses": 240220,
        "Of which: Interest expense": "N/A",
        "Cost of sales": 34070,
        "Enterprise cost management": 91277,
        "Total Operating Expenses": 365567,
        "Total revenue financing activities": 375064,
        "Net profit from business activities": 147569,
        "Profit": -2822,
        "Profit before tax": 144747,
        "Present corporate income tax expenses": 59,
        "Deferred income taxes expenses": -6135,
        "The interests of minority shareholders": -42675,
        "Total Cost of profits": -48751,
        "Profit after tax corporate income": 193498,
        "Volume": 703544898,
        "Close of Quarter": "N/A",
        "EPS": 148,
        "Non-adjusted EPS": 148,
        "PE": "N/A",
        "Book Price": 16.4
      }
    },
    {
      "quarter": "Q1 2015",
      "income status": {
        "Net sales": 820892,
        "Cost of goods sold": 603072,
        "Gross Profit": 217821,
        "Financial expenses": 209775,
        "Of which: Interest expense": "N/A",
        "Cost of sales": 44731,
        "Enterprise cost management": 84837,
        "Total Operating Expenses": 339343,
        "Total revenue financing activities": 4931,
        "Net profit from business activities": -116591,
        "Profit": -5190,
        "Profit before tax": -121782,
        "Present corporate income tax expenses": 20,
        "Deferred income taxes expenses": -6772,
        "The interests of minority shareholders": -25620,
        "Total Cost of profits": -32372,
        "Profit after tax corporate income": -89410,
        "Volume": 703544898,
        "Close of Quarter": "N/A",
        "EPS": -127,
        "Non-adjusted EPS": -127,
        "PE": "N/A",
        "Book Price": "N/A"
      }
    }
  ]
}