{
  "ticker": "AME",
  "data": [
    {
      "quarter": "Q1 2017",
      "income status": {
        "Net sales": 201945,
        "Cost of goods sold": 197937,
        "Gross Profit": 4008,
        "Financial expenses": 1121,
        "Of which: Interest expense": 1121,
        "Cost of sales": 1121,
        "Enterprise cost management": 1403,
        "Total Operating Expenses": 3645,
        "Total revenue financing activities": 60,
        "Net profit from business activities": 423,
        "Profit": 284,
        "Profit before tax": 706,
        "Present corporate income tax expenses": 141,
        "Deferred income taxes expenses": "N/A",
        "The interests of minority shareholders": "N/A",
        "Total Cost of profits": 141,
        "Profit after tax corporate income": 565,
        "Volume": 12000000,
        "Close of Quarter": 3.8,
        "EPS": 210,
        "Non-adjusted EPS": 210,
        "PE": 18.1,
        "Book Price": 11.4
      }
    },
    {
      "quarter": "Q4 2016",
      "income status": {
        "Net sales": 142643,
        "Cost of goods sold": 133393,
        "Gross Profit": 9250,
        "Financial expenses": 1246,
        "Of which: Interest expense": 1470,
        "Cost of sales": 692,
        "Enterprise cost management": 6058,
        "Total Operating Expenses": 7996,
        "Total revenue financing activities": 2,
        "Net profit from business activities": 1256,
        "Profit": "N/A",
        "Profit before tax": 1256,
        "Present corporate income tax expenses": 271,
        "Deferred income taxes expenses": "N/A",
        "The interests of minority shareholders": "N/A",
        "Total Cost of profits": 271,
        "Profit after tax corporate income": 986,
        "Volume": 12000000,
        "Close of Quarter": 3.9,
        "EPS": 175,
        "Non-adjusted EPS": 175,
        "PE": 22.3,
        "Book Price": 11.3
      }
    },
    {
      "quarter": "Q3 2016",
      "income status": {
        "Net sales": 70627,
        "Cost of goods sold": 65722,
        "Gross Profit": 4905,
        "Financial expenses": 887,
        "Of which: Interest expense": 887,
        "Cost of sales": 1173,
        "Enterprise cost management": 1939,
        "Total Operating Expenses": 3999,
        "Total revenue financing activities": 5,
        "Net profit from business activities": 911,
        "Profit": -151,
        "Profit before tax": 760,
        "Present corporate income tax expenses": 152,
        "Deferred income taxes expenses": "N/A",
        "The interests of minority shareholders": "N/A",
        "Total Cost of profits": 152,
        "Profit after tax corporate income": 608,
        "Volume": 12000000,
        "Close of Quarter": 3.9,
        "EPS": 130,
        "Non-adjusted EPS": 130,
        "PE": 30,
        "Book Price": 11.3
      }
    },
    {
      "quarter": "Q2 2016",
      "income status": {
        "Net sales": 123378,
        "Cost of goods sold": 118678,
        "Gross Profit": 4699,
        "Financial expenses": 1634,
        "Of which: Interest expense": 1519,
        "Cost of sales": 1908,
        "Enterprise cost management": 731,
        "Total Operating Expenses": 4273,
        "Total revenue financing activities": 6,
        "Net profit from business activities": 432,
        "Profit": 27,
        "Profit before tax": 459,
        "Present corporate income tax expenses": 97,
        "Deferred income taxes expenses": "N/A",
        "The interests of minority shareholders": "N/A",
        "Total Cost of profits": 97,
        "Profit after tax corporate income": 362,
        "Volume": 12000000,
        "Close of Quarter": 3.9,
        "EPS": 109,
        "Non-adjusted EPS": 109,
        "PE": 35.8,
        "Book Price": 11.2
      }
    },
    {
      "quarter": "Q1 2016",
      "income status": {
        "Net sales": 71156,
        "Cost of goods sold": 65698,
        "Gross Profit": 5458,
        "Financial expenses": 1629,
        "Of which: Interest expense": 1629,
        "Cost of sales": 1803,
        "Enterprise cost management": 1846,
        "Total Operating Expenses": 5278,
        "Total revenue financing activities": 3,
        "Net profit from business activities": 182,
        "Profit": 4,
        "Profit before tax": 186,
        "Present corporate income tax expenses": 37,
        "Deferred income taxes expenses": "N/A",
        "The interests of minority shareholders": "N/A",
        "Total Cost of profits": 37,
        "Profit after tax corporate income": 149,
        "Volume": 12000000,
        "Close of Quarter": 4.1,
        "EPS": 107,
        "Non-adjusted EPS": 107,
        "PE": 38.3,
        "Book Price": 11.2
      }
    },
    {
      "quarter": "Q4 2015",
      "income status": {
        "Net sales": 164738,
        "Cost of goods sold": 156320,
        "Gross Profit": 8417,
        "Financial expenses": 1432,
        "Of which: Interest expense": 1447,
        "Cost of sales": 2354,
        "Enterprise cost management": 4373,
        "Total Operating Expenses": 8159,
        "Total revenue financing activities": 3,
        "Net profit from business activities": 261,
        "Profit": 283,
        "Profit before tax": 545,
        "Present corporate income tax expenses": 105,
        "Deferred income taxes expenses": "N/A",
        "The interests of minority shareholders": "N/A",
        "Total Cost of profits": 105,
        "Profit after tax corporate income": 440,
        "Volume": 12000000,
        "Close of Quarter": 4,
        "EPS": 101,
        "Non-adjusted EPS": 101,
        "PE": 39.6,
        "Book Price": 11.2
      }
    },
    {
      "quarter": "Q3 2015",
      "income status": {
        "Net sales": 73137,
        "Cost of goods sold": 67497,
        "Gross Profit": 5640,
        "Financial expenses": 2333,
        "Of which: Interest expense": 2333,
        "Cost of sales": 1595,
        "Enterprise cost management": 1176,
        "Total Operating Expenses": 5104,
        "Total revenue financing activities": 1,
        "Net profit from business activities": 537,
        "Profit": -51,
        "Profit before tax": 486,
        "Present corporate income tax expenses": 130,
        "Deferred income taxes expenses": "N/A",
        "The interests of minority shareholders": "N/A",
        "Total Cost of profits": 130,
        "Profit after tax corporate income": 357,
        "Volume": 12000000,
        "Close of Quarter": 3.8,
        "EPS": 88,
        "Non-adjusted EPS": 88,
        "PE": 43.2,
        "Book Price": 11.1
      }
    },
    {
      "quarter": "Q2 2015",
      "income status": {
        "Net sales": 49853,
        "Cost of goods sold": 44294,
        "Gross Profit": 5559,
        "Financial expenses": 2431,
        "Of which: Interest expense": 2375,
        "Cost of sales": 1590,
        "Enterprise cost management": 1365,
        "Total Operating Expenses": 5386,
        "Total revenue financing activities": 253,
        "Net profit from business activities": 427,
        "Profit": 10,
        "Profit before tax": 436,
        "Present corporate income tax expenses": 97,
        "Deferred income taxes expenses": "N/A",
        "The interests of minority shareholders": "N/A",
        "Total Cost of profits": 97,
        "Profit after tax corporate income": 339,
        "Volume": 12000000,
        "Close of Quarter": 3.9,
        "EPS": 82,
        "Non-adjusted EPS": 82,
        "PE": 47.6,
        "Book Price": 11.1
      }
    },
    {
      "quarter": "Q1 2015",
      "income status": {
        "Net sales": 61545,
        "Cost of goods sold": 54745,
        "Gross Profit": 6800,
        "Financial expenses": 3476,
        "Of which: Interest expense": 2623,
        "Cost of sales": 2258,
        "Enterprise cost management": 1015,
        "Total Operating Expenses": 6749,
        "Total revenue financing activities": 4,
        "Net profit from business activities": 55,
        "Profit": 41,
        "Profit before tax": 96,
        "Present corporate income tax expenses": 21,
        "Deferred income taxes expenses": "N/A",
        "The interests of minority shareholders": "N/A",
        "Total Cost of profits": 21,
        "Profit after tax corporate income": 75,
        "Volume": 12000000,
        "Close of Quarter": 3.6,
        "EPS": 128,
        "Non-adjusted EPS": 128,
        "PE": 28.1,
        "Book Price": 11.1
      }
    },
    {
      "quarter": "Q4 2014",
      "income status": {
        "Net sales": 129679,
        "Cost of goods sold": 121246,
        "Gross Profit": 8432,
        "Financial expenses": 2242,
        "Of which: Interest expense": 2221,
        "Cost of sales": 1746,
        "Enterprise cost management": 1677,
        "Total Operating Expenses": 5665,
        "Total revenue financing activities": 1,
        "Net profit from business activities": 2769,
        "Profit": -2399,
        "Profit before tax": 371,
        "Present corporate income tax expenses": 82,
        "Deferred income taxes expenses": "N/A",
        "The interests of minority shareholders": "N/A",
        "Total Cost of profits": 82,
        "Profit after tax corporate income": 289,
        "Volume": 12000000,
        "Close of Quarter": 3.9,
        "EPS": 78,
        "Non-adjusted EPS": 78,
        "PE": 50,
        "Book Price": 11.1
      }
    },
    {
      "quarter": "Q3 2014",
      "income status": {
        "Net sales": 55724,
        "Cost of goods sold": 51233,
        "Gross Profit": 4490,
        "Financial expenses": 2591,
        "Of which: Interest expense": 2591,
        "Cost of sales": 1729,
        "Enterprise cost management": 885,
        "Total Operating Expenses": 5205,
        "Total revenue financing activities": 3,
        "Net profit from business activities": -712,
        "Profit": 1078,
        "Profit before tax": 365,
        "Present corporate income tax expenses": 80,
        "Deferred income taxes expenses": "N/A",
        "The interests of minority shareholders": "N/A",
        "Total Cost of profits": 80,
        "Profit after tax corporate income": 285,
        "Volume": 12000000,
        "Close of Quarter": 4.4,
        "EPS": 81,
        "Non-adjusted EPS": 81,
        "PE": 54.3,
        "Book Price": 11
      }
    },
    {
      "quarter": "Q2 2014",
      "income status": {
        "Net sales": 66485,
        "Cost of goods sold": 60149,
        "Gross Profit": 6336,
        "Financial expenses": 1982,
        "Of which: Interest expense": 1979,
        "Cost of sales": 1757,
        "Enterprise cost management": 1455,
        "Total Operating Expenses": 5194,
        "Total revenue financing activities": 19,
        "Net profit from business activities": 1160,
        "Profit": -168,
        "Profit before tax": 992,
        "Present corporate income tax expenses": 103,
        "Deferred income taxes expenses": "N/A",
        "The interests of minority shareholders": "N/A",
        "Total Cost of profits": 103,
        "Profit after tax corporate income": 889,
        "Volume": 12000000,
        "Close of Quarter": 3.7,
        "EPS": 68,
        "Non-adjusted EPS": 68,
        "PE": 54.4,
        "Book Price": 11
      }
    },
    {
      "quarter": "Q1 2014",
      "income status": {
        "Net sales": 45168,
        "Cost of goods sold": 40428,
        "Gross Profit": 4740,
        "Financial expenses": 2443,
        "Of which: Interest expense": 2443,
        "Cost of sales": 1859,
        "Enterprise cost management": 963,
        "Total Operating Expenses": 5265,
        "Total revenue financing activities": 4,
        "Net profit from business activities": -522,
        "Profit": "N/A",
        "Profit before tax": -522,
        "Present corporate income tax expenses": "N/A",
        "Deferred income taxes expenses": "N/A",
        "The interests of minority shareholders": "N/A",
        "Total Cost of profits": 0,
        "Profit after tax corporate income": -522,
        "Volume": 12000000,
        "Close of Quarter": 5.7,
        "EPS": 2585,
        "Non-adjusted EPS": 2585,
        "PE": 2.2,
        "Book Price": 10.9
      }
    },
    {
      "quarter": "Q4 2013",
      "income status": {
        "Net sales": 126896,
        "Cost of goods sold": 110480,
        "Gross Profit": 16416,
        "Financial expenses": 8717,
        "Of which: Interest expense": 1962,
        "Cost of sales": 1914,
        "Enterprise cost management": 3166,
        "Total Operating Expenses": 13797,
        "Total revenue financing activities": -2204,
        "Net profit from business activities": 416,
        "Profit": 28,
        "Profit before tax": 444,
        "Present corporate income tax expenses": 129,
        "Deferred income taxes expenses": "N/A",
        "The interests of minority shareholders": "N/A",
        "Total Cost of profits": 129,
        "Profit after tax corporate income": 315,
        "Volume": 12000000,
        "Close of Quarter": 5.7,
        "EPS": 1796,
        "Non-adjusted EPS": 1796,
        "PE": 3.2,
        "Book Price": 11
      }
    },
    {
      "quarter": "Q3 2013",
      "income status": {
        "Net sales": 44806,
        "Cost of goods sold": 40618,
        "Gross Profit": 4188,
        "Financial expenses": 1944,
        "Of which: Interest expense": 1911,
        "Cost of sales": 1133,
        "Enterprise cost management": 839,
        "Total Operating Expenses": 3916,
        "Total revenue financing activities": 2,
        "Net profit from business activities": 273,
        "Profit": -98,
        "Profit before tax": 175,
        "Present corporate income tax expenses": 44,
        "Deferred income taxes expenses": "N/A",
        "The interests of minority shareholders": "N/A",
        "Total Cost of profits": 44,
        "Profit after tax corporate income": 131,
        "Volume": 12000000,
        "Close of Quarter": 4.4,
        "EPS": 2812,
        "Non-adjusted EPS": 2812,
        "PE": 1.6,
        "Book Price": 11
      }
    },
    {
      "quarter": "Q2 2013",
      "income status": {
        "Net sales": 52438,
        "Cost of goods sold": 46671,
        "Gross Profit": 5767,
        "Financial expenses": -3621,
        "Of which: Interest expense": 2442,
        "Cost of sales": 804,
        "Enterprise cost management": -285,
        "Total Operating Expenses": -3102,
        "Total revenue financing activities": 22353,
        "Net profit from business activities": 31220,
        "Profit": -11,
        "Profit before tax": 31210,
        "Present corporate income tax expenses": 113,
        "Deferred income taxes expenses": "N/A",
        "The interests of minority shareholders": "N/A",
        "Total Cost of profits": 113,
        "Profit after tax corporate income": 31097,
        "Volume": 12000000,
        "Close of Quarter": 2.4,
        "EPS": 2362,
        "Non-adjusted EPS": 2362,
        "PE": 1.0,
        "Book Price": 11
      }
    },
    {
      "quarter": "Q1 2013",
      "income status": {
        "Net sales": 9276,
        "Cost of goods sold": 9158,
        "Gross Profit": 118,
        "Financial expenses": 3470,
        "Of which: Interest expense": 3409,
        "Cost of sales": 3201,
        "Enterprise cost management": 2650,
        "Total Operating Expenses": 9321,
        "Total revenue financing activities": 33,
        "Net profit from business activities": -9170,
        "Profit": -827,
        "Profit before tax": -9997,
        "Present corporate income tax expenses": "N/A",
        "Deferred income taxes expenses": "N/A",
        "The interests of minority shareholders": "N/A",
        "Total Cost of profits": 0,
        "Profit after tax corporate income": -9997,
        "Volume": 12000000,
        "Close of Quarter": 2.9,
        "EPS": -616,
        "Non-adjusted EPS": -616,
        "PE": -4.7,
        "Book Price": 8.4
      }
    },
    {
      "quarter": "Q4 2012",
      "income status": {
        "Net sales": 145688,
        "Cost of goods sold": 122350,
        "Gross Profit": 23338,
        "Financial expenses": 4583,
        "Of which: Interest expense": 3469,
        "Cost of sales": 1977,
        "Enterprise cost management": 3845,
        "Total Operating Expenses": 10405,
        "Total revenue financing activities": 345,
        "Net profit from business activities": 13277,
        "Profit": -740,
        "Profit before tax": 12538,
        "Present corporate income tax expenses": 40,
        "Deferred income taxes expenses": "N/A",
        "The interests of minority shareholders": -9,
        "Total Cost of profits": 31,
        "Profit after tax corporate income": 12507,
        "Volume": 12000000,
        "Close of Quarter": 3.4,
        "EPS": -499,
        "Non-adjusted EPS": -499,
        "PE": -6.8,
        "Book Price": 9.3
      }
    },
    {
      "quarter": "Q3 2012",
      "income status": {
        "Net sales": 53523,
        "Cost of goods sold": 50201,
        "Gross Profit": 3323,
        "Financial expenses": 3251,
        "Of which: Interest expense": 3181,
        "Cost of sales": 2084,
        "Enterprise cost management": 3249,
        "Total Operating Expenses": 8584,
        "Total revenue financing activities": 103,
        "Net profit from business activities": -5158,
        "Profit": -103,
        "Profit before tax": -5260,
        "Present corporate income tax expenses": 6,
        "Deferred income taxes expenses": "N/A",
        "The interests of minority shareholders": 2,
        "Total Cost of profits": 8,
        "Profit after tax corporate income": -5268,
        "Volume": 12000000,
        "Close of Quarter": 2.2,
        "EPS": -2107,
        "Non-adjusted EPS": -2107,
        "PE": -1.0,
        "Book Price": 8.2
      }
    },
    {
      "quarter": "Q2 2012",
      "income status": {
        "Net sales": 108803,
        "Cost of goods sold": 103609,
        "Gross Profit": 5194,
        "Financial expenses": 4663,
        "Of which: Interest expense": 4058,
        "Cost of sales": 1993,
        "Enterprise cost management": 3667,
        "Total Operating Expenses": 10323,
        "Total revenue financing activities": 499,
        "Net profit from business activities": -4629,
        "Profit": 38,
        "Profit before tax": -4591,
        "Present corporate income tax expenses": 31,
        "Deferred income taxes expenses": "N/A",
        "The interests of minority shareholders": 5,
        "Total Cost of profits": 36,
        "Profit after tax corporate income": -4628,
        "Volume": 12000000,
        "Close of Quarter": 2.6,
        "EPS": -1634,
        "Non-adjusted EPS": -1634,
        "PE": -1.6,
        "Book Price": 8.7
      }
    },
    {
      "quarter": "Q1 2012",
      "income status": {
        "Net sales": 25579,
        "Cost of goods sold": 24640,
        "Gross Profit": 939,
        "Financial expenses": 3608,
        "Of which: Interest expense": 4343,
        "Cost of sales": 2390,
        "Enterprise cost management": 3259,
        "Total Operating Expenses": 9257,
        "Total revenue financing activities": 30,
        "Net profit from business activities": -8288,
        "Profit": -308,
        "Profit before tax": -8596,
        "Present corporate income tax expenses": "N/A",
        "Deferred income taxes expenses": "N/A",
        "The interests of minority shareholders": -3,
        "Total Cost of profits": -3,
        "Profit after tax corporate income": -8593,
        "Volume": 12000000,
        "Close of Quarter": 3.7,
        "EPS": -983,
        "Non-adjusted EPS": -983,
        "PE": -3.8,
        "Book Price": 9.1
      }
    },
    {
      "quarter": "Q4 2011",
      "income status": {
        "Net sales": 67086,
        "Cost of goods sold": 55718,
        "Gross Profit": 11368,
        "Financial expenses": 13581,
        "Of which: Interest expense": 5121,
        "Cost of sales": 2595,
        "Enterprise cost management": 3373,
        "Total Operating Expenses": 19549,
        "Total revenue financing activities": 75,
        "Net profit from business activities": -8106,
        "Profit": -316,
        "Profit before tax": -8421,
        "Present corporate income tax expenses": -1633,
        "Deferred income taxes expenses": "N/A",
        "The interests of minority shareholders": 7,
        "Total Cost of profits": -1626,
        "Profit after tax corporate income": -6795,
        "Volume": 12000000,
        "Close of Quarter": 2.7,
        "EPS": -448,
        "Non-adjusted EPS": -448,
        "PE": -6.0,
        "Book Price": 9.8
      }
    },
    {
      "quarter": "Q3 2011",
      "income status": {
        "Net sales": 118796,
        "Cost of goods sold": 108236,
        "Gross Profit": 10561,
        "Financial expenses": 6269,
        "Of which: Interest expense": 5963,
        "Cost of sales": 2986,
        "Enterprise cost management": 3134,
        "Total Operating Expenses": 12389,
        "Total revenue financing activities": 2276,
        "Net profit from business activities": 447,
        "Profit": 635,
        "Profit before tax": 1082,
        "Present corporate income tax expenses": 673,
        "Deferred income taxes expenses": "N/A",
        "The interests of minority shareholders": -2,
        "Total Cost of profits": 671,
        "Profit after tax corporate income": 412,
        "Volume": 12000000,
        "Close of Quarter": 4,
        "EPS": 117,
        "Non-adjusted EPS": 117,
        "PE": 34.2,
        "Book Price": 10.4
      }
    },
    {
      "quarter": "Q2 2011",
      "income status": {
        "Net sales": 122877,
        "Cost of goods sold": 109736,
        "Gross Profit": 13141,
        "Financial expenses": 6190,
        "Of which: Interest expense": 5026,
        "Cost of sales": 3029,
        "Enterprise cost management": 3206,
        "Total Operating Expenses": 12425,
        "Total revenue financing activities": 2199,
        "Net profit from business activities": 2914,
        "Profit": 1591,
        "Profit before tax": 4505,
        "Present corporate income tax expenses": 1308,
        "Deferred income taxes expenses": "N/A",
        "The interests of minority shareholders": 17,
        "Total Cost of profits": 1325,
        "Profit after tax corporate income": 3181,
        "Volume": 12000000,
        "Close of Quarter": 4.5,
        "EPS": -107,
        "Non-adjusted EPS": -107,
        "PE": -42.1,
        "Book Price": 10.5
      }
    },
    {
      "quarter": "Q1 2011",
      "income status": {
        "Net sales": 115329,
        "Cost of goods sold": 107611,
        "Gross Profit": 7718,
        "Financial expenses": 4161,
        "Of which: Interest expense": 3803,
        "Cost of sales": 2996,
        "Enterprise cost management": 3148,
        "Total Operating Expenses": 10305,
        "Total revenue financing activities": 860,
        "Net profit from business activities": -1726,
        "Profit": -260,
        "Profit before tax": -1987,
        "Present corporate income tax expenses": 142,
        "Deferred income taxes expenses": "N/A",
        "The interests of minority shareholders": 42,
        "Total Cost of profits": 184,
        "Profit after tax corporate income": -2171,
        "Volume": 12000000,
        "Close of Quarter": 6.8,
        "EPS": -323,
        "Non-adjusted EPS": -323,
        "PE": -21.1,
        "Book Price": "N/A"
      }
    },
    {
      "quarter": "Q4 2010",
      "income status": {
        "Net sales": 212156,
        "Cost of goods sold": 197522,
        "Gross Profit": 14635,
        "Financial expenses": 5447,
        "Of which: Interest expense": 3456,
        "Cost of sales": 3481,
        "Enterprise cost management": 6215,
        "Total Operating Expenses": 15143,
        "Total revenue financing activities": 1349,
        "Net profit from business activities": 840,
        "Profit": -35,
        "Profit before tax": 805,
        "Present corporate income tax expenses": 836,
        "Deferred income taxes expenses": "N/A",
        "The interests of minority shareholders": -8,
        "Total Cost of profits": 828,
        "Profit after tax corporate income": -22,
        "Volume": 12000000,
        "Close of Quarter": 8.7,
        "EPS": 177,
        "Non-adjusted EPS": 177,
        "PE": 49.2,
        "Book Price": 10.1
      }
    },
    {
      "quarter": "Q3 2010",
      "income status": {
        "Net sales": 96804,
        "Cost of goods sold": 86646,
        "Gross Profit": 10158,
        "Financial expenses": 2848,
        "Of which: Interest expense": 2724,
        "Cost of sales": 2786,
        "Enterprise cost management": 4584,
        "Total Operating Expenses": 10218,
        "Total revenue financing activities": 156,
        "Net profit from business activities": 95,
        "Profit": -2116,
        "Profit before tax": -2021,
        "Present corporate income tax expenses": 236,
        "Deferred income taxes expenses": "N/A",
        "The interests of minority shareholders": 10,
        "Total Cost of profits": 246,
        "Profit after tax corporate income": -2267,
        "Volume": 12000000,
        "Close of Quarter": 14.1,
        "EPS": 1261,
        "Non-adjusted EPS": 1261,
        "PE": 11.2,
        "Book Price": 10
      }
    },
    {
      "quarter": "Q2 2010",
      "income status": {
        "Net sales": 138132,
        "Cost of goods sold": 129480,
        "Gross Profit": 8652,
        "Financial expenses": 3095,
        "Of which: Interest expense": 2896,
        "Cost of sales": 3414,
        "Enterprise cost management": 4639,
        "Total Operating Expenses": 11148,
        "Total revenue financing activities": 3698,
        "Net profit from business activities": 1202,
        "Profit": 415,
        "Profit before tax": 1617,
        "Present corporate income tax expenses": 1014,
        "Deferred income taxes expenses": "N/A",
        "The interests of minority shareholders": 13,
        "Total Cost of profits": 1027,
        "Profit after tax corporate income": 589,
        "Volume": 12000000,
        "Close of Quarter": 21.2,
        "EPS": 1597,
        "Non-adjusted EPS": 1597,
        "PE": 13.3,
        "Book Price": 10.2
      }
    },
    {
      "quarter": "Q1 2010",
      "income status": {
        "Net sales": 151175,
        "Cost of goods sold": 136308,
        "Gross Profit": 14868,
        "Financial expenses": 2328,
        "Of which: Interest expense": 2241,
        "Cost of sales": 3018,
        "Enterprise cost management": 4204,
        "Total Operating Expenses": 9550,
        "Total revenue financing activities": 728,
        "Net profit from business activities": 6046,
        "Profit": -89,
        "Profit before tax": 5957,
        "Present corporate income tax expenses": 2125,
        "Deferred income taxes expenses": "N/A",
        "The interests of minority shareholders": 14,
        "Total Cost of profits": 2139,
        "Profit after tax corporate income": 3818,
        "Volume": 12000000,
        "Close of Quarter": "N/A",
        "EPS": 1618,
        "Non-adjusted EPS": 1618,
        "PE": "N/A",
        "Book Price": 10.8
      }
    },
    {
      "quarter": "Q4 2009",
      "income status": {
        "Net sales": 338385,
        "Cost of goods sold": 312808,
        "Gross Profit": 25577,
        "Financial expenses": 1900,
        "Of which: Interest expense": 1434,
        "Cost of sales": 2000,
        "Enterprise cost management": 8640,
        "Total Operating Expenses": 12540,
        "Total revenue financing activities": 1137,
        "Net profit from business activities": 14175,
        "Profit": -848,
        "Profit before tax": 13327,
        "Present corporate income tax expenses": 339,
        "Deferred income taxes expenses": -20,
        "The interests of minority shareholders": 17,
        "Total Cost of profits": 336,
        "Profit after tax corporate income": 12991,
        "Volume": 12000000,
        "Close of Quarter": "N/A",
        "EPS": 1299,
        "Non-adjusted EPS": 1299,
        "PE": "N/A",
        "Book Price": 16.8
      }
    },
    {
      "quarter": "Q2 2009",
      "income status": {
        "Net sales": 69124,
        "Cost of goods sold": 54654,
        "Gross Profit": 14470,
        "Financial expenses": 9127,
        "Of which: Interest expense": 1171,
        "Cost of sales": 1140,
        "Enterprise cost management": 1996,
        "Total Operating Expenses": 12263,
        "Total revenue financing activities": 223,
        "Net profit from business activities": 2431,
        "Profit": -100,
        "Profit before tax": 2331,
        "Present corporate income tax expenses": 560,
        "Deferred income taxes expenses": "N/A",
        "The interests of minority shareholders": "N/A",
        "Total Cost of profits": 560,
        "Profit after tax corporate income": 1771,
        "Volume": 12000000,
        "Close of Quarter": "N/A",
        "EPS": 217,
        "Non-adjusted EPS": 217,
        "PE": "N/A",
        "Book Price": 16.4
      }
    },
    {
      "quarter": "Q1 2009",
      "income status": {
        "Net sales": 28919,
        "Cost of goods sold": 23832,
        "Gross Profit": 5088,
        "Financial expenses": 2175,
        "Of which: Interest expense": 1065,
        "Cost of sales": 706,
        "Enterprise cost management": 2385,
        "Total Operating Expenses": 5266,
        "Total revenue financing activities": 499,
        "Net profit from business activities": 320,
        "Profit": 511,
        "Profit before tax": 831,
        "Present corporate income tax expenses": 1,
        "Deferred income taxes expenses": "N/A",
        "The interests of minority shareholders": "N/A",
        "Total Cost of profits": 1,
        "Profit after tax corporate income": 831,
        "Volume": 12000000,
        "Close of Quarter": "N/A",
        "EPS": 69,
        "Non-adjusted EPS": 69,
        "PE": "N/A",
        "Book Price": 16.3
      }
    }
  ]
}