{
  "ticker": "VIN",
  "data": [
    {
      "quarter": "Q1 2017",
      "income status": {
        "Net sales": 51579,
        "Cost of goods sold": 45181,
        "Gross Profit": 6398,
        "Financial expenses": 124,
        "Of which: Interest expense": "N/A",
        "Cost of sales": "N/A",
        "Enterprise cost management": 2687,
        "Total Operating Expenses": 2811,
        "Total revenue financing activities": 3341,
        "Net profit from business activities": 11442,
        "Profit": 86,
        "Profit before tax": 11528,
        "Present corporate income tax expenses": 1410,
        "Deferred income taxes expenses": "N/A",
        "The interests of minority shareholders": 1,
        "Total Cost of profits": 1411,
        "Profit after tax corporate income": 10116,
        "Volume": 25500000,
        "Close of Quarter": 14.2,
        "EPS": 1611,
        "Non-adjusted EPS": 1611,
        "PE": 8.8,
        "Book Price": 15
      }
    },
    {
      "quarter": "Q4 2016",
      "income status": {
        "Net sales": 66474,
        "Cost of goods sold": 61779,
        "Gross Profit": 4695,
        "Financial expenses": 164,
        "Of which: Interest expense": "N/A",
        "Cost of sales": "N/A",
        "Enterprise cost management": 5699,
        "Total Operating Expenses": 5863,
        "Total revenue financing activities": 343,
        "Net profit from business activities": 13885,
        "Profit": 1323,
        "Profit before tax": 15208,
        "Present corporate income tax expenses": 1263,
        "Deferred income taxes expenses": "N/A",
        "The interests of minority shareholders": 34,
        "Total Cost of profits": 1297,
        "Profit after tax corporate income": 13911,
        "Volume": 25500000,
        "Close of Quarter": 12.8,
        "EPS": 1473,
        "Non-adjusted EPS": 1473,
        "PE": 8.7,
        "Book Price": 14.9
      }
    },
    {
      "quarter": "Q3 2016",
      "income status": {
        "Net sales": 52103,
        "Cost of goods sold": 43834,
        "Gross Profit": 8269,
        "Financial expenses": 148,
        "Of which: Interest expense": "N/A",
        "Cost of sales": "N/A",
        "Enterprise cost management": 2529,
        "Total Operating Expenses": 2677,
        "Total revenue financing activities": 3750,
        "Net profit from business activities": 11966,
        "Profit": 4,
        "Profit before tax": 11971,
        "Present corporate income tax expenses": 1540,
        "Deferred income taxes expenses": "N/A",
        "The interests of minority shareholders": 79,
        "Total Cost of profits": 1619,
        "Profit after tax corporate income": 10351,
        "Volume": 25500000,
        "Close of Quarter": 9.0,
        "EPS": 1087,
        "Non-adjusted EPS": 1087,
        "PE": 8.3,
        "Book Price": 14.2
      }
    },
    {
      "quarter": "Q2 2016",
      "income status": {
        "Net sales": 64645,
        "Cost of goods sold": 60709,
        "Gross Profit": 3936,
        "Financial expenses": 16,
        "Of which: Interest expense": "N/A",
        "Cost of sales": "N/A",
        "Enterprise cost management": 3062,
        "Total Operating Expenses": 3078,
        "Total revenue financing activities": 8693,
        "Net profit from business activities": 7669,
        "Profit": 28,
        "Profit before tax": 7697,
        "Present corporate income tax expenses": 905,
        "Deferred income taxes expenses": "N/A",
        "The interests of minority shareholders": 84,
        "Total Cost of profits": 989,
        "Profit after tax corporate income": 6708,
        "Volume": 25500000,
        "Close of Quarter": 10.6,
        "EPS": 1121,
        "Non-adjusted EPS": 1121,
        "PE": 9.4,
        "Book Price": 13.8
      }
    },
    {
      "quarter": "Q1 2016",
      "income status": {
        "Net sales": 63092,
        "Cost of goods sold": 55469,
        "Gross Profit": 7623,
        "Financial expenses": "N/A",
        "Of which: Interest expense": "N/A",
        "Cost of sales": "N/A",
        "Enterprise cost management": 3048,
        "Total Operating Expenses": 3048,
        "Total revenue financing activities": 3147,
        "Net profit from business activities": 8086,
        "Profit": 8,
        "Profit before tax": 8094,
        "Present corporate income tax expenses": 1471,
        "Deferred income taxes expenses": "N/A",
        "The interests of minority shareholders": 43,
        "Total Cost of profits": 1514,
        "Profit after tax corporate income": 6580,
        "Volume": 25500000,
        "Close of Quarter": 12.9,
        "EPS": 1097,
        "Non-adjusted EPS": 1097,
        "PE": 11.7,
        "Book Price": 14.2
      }
    },
    {
      "quarter": "Q4 2015",
      "income status": {
        "Net sales": 140972,
        "Cost of goods sold": 135484,
        "Gross Profit": 5488,
        "Financial expenses": 317,
        "Of which: Interest expense": "N/A",
        "Cost of sales": "N/A",
        "Enterprise cost management": 5302,
        "Total Operating Expenses": 5619,
        "Total revenue financing activities": 4434,
        "Net profit from business activities": 4302,
        "Profit": 1329,
        "Profit before tax": 5631,
        "Present corporate income tax expenses": 1490,
        "Deferred income taxes expenses": "N/A",
        "The interests of minority shareholders": 57,
        "Total Cost of profits": 1547,
        "Profit after tax corporate income": 4084,
        "Volume": 25500000,
        "Close of Quarter": 8.6,
        "EPS": 839,
        "Non-adjusted EPS": 839,
        "PE": 10.2,
        "Book Price": 13.4
      }
    },
    {
      "quarter": "Q3 2015",
      "income status": {
        "Net sales": 137106,
        "Cost of goods sold": 130058,
        "Gross Profit": 7048,
        "Financial expenses": 635,
        "Of which: Interest expense": "N/A",
        "Cost of sales": "N/A",
        "Enterprise cost management": 3108,
        "Total Operating Expenses": 3743,
        "Total revenue financing activities": 2254,
        "Net profit from business activities": 12028,
        "Profit": 221,
        "Profit before tax": 12250,
        "Present corporate income tax expenses": 1020,
        "Deferred income taxes expenses": "N/A",
        "The interests of minority shareholders": 22,
        "Total Cost of profits": 1042,
        "Profit after tax corporate income": 11208,
        "Volume": 25500000,
        "Close of Quarter": 10.1,
        "EPS": 679,
        "Non-adjusted EPS": 679,
        "PE": 14.8,
        "Book Price": "N/A"
      }
    },
    {
      "quarter": "Q2 2015",
      "income status": {
        "Net sales": 73892,
        "Cost of goods sold": 68541,
        "Gross Profit": 5351,
        "Financial expenses": 121,
        "Of which: Interest expense": "N/A",
        "Cost of sales": "N/A",
        "Enterprise cost management": 2996,
        "Total Operating Expenses": 3117,
        "Total revenue financing activities": 5394,
        "Net profit from business activities": 7627,
        "Profit": 131,
        "Profit before tax": 7759,
        "Present corporate income tax expenses": 1600,
        "Deferred income taxes expenses": "N/A",
        "The interests of minority shareholders": 55,
        "Total Cost of profits": 1655,
        "Profit after tax corporate income": 6103,
        "Volume": 25500000,
        "Close of Quarter": 10.3,
        "EPS": 239,
        "Non-adjusted EPS": 239,
        "PE": 43.1,
        "Book Price": "N/A"
      }
    }
  ]
}