{
  "ticker": "HNF",
  "data": [
    {
      "quarter": "Q1 2017",
      "income status": {
        "Net sales": 340828,
        "Cost of goods sold": 274171,
        "Gross Profit": 66657,
        "Financial expenses": 3179,
        "Of which: Interest expense": 1364,
        "Cost of sales": 48513,
        "Enterprise cost management": 9096,
        "Total Operating Expenses": 60788,
        "Total revenue financing activities": 2036,
        "Net profit from business activities": 7906,
        "Profit": -58,
        "Profit before tax": 7848,
        "Present corporate income tax expenses": 1397,
        "Deferred income taxes expenses": "N/A",
        "The interests of minority shareholders": "N/A",
        "Total Cost of profits": 1397,
        "Profit after tax corporate income": 6451,
        "Volume": 20000000,
        "Close of Quarter": 25.2,
        "EPS": 1598,
        "Non-adjusted EPS": 1598,
        "PE": 15.8,
        "Book Price": 14.4
      }
    },
    {
      "quarter": "Q4 2016",
      "income status": {
        "Net sales": 369578,
        "Cost of goods sold": 296723,
        "Gross Profit": 72856,
        "Financial expenses": 2796,
        "Of which: Interest expense": 2179,
        "Cost of sales": 54352,
        "Enterprise cost management": 12629,
        "Total Operating Expenses": 69777,
        "Total revenue financing activities": 7271,
        "Net profit from business activities": 10350,
        "Profit": -386,
        "Profit before tax": 9965,
        "Present corporate income tax expenses": 1609,
        "Deferred income taxes expenses": "N/A",
        "The interests of minority shareholders": "N/A",
        "Total Cost of profits": 1609,
        "Profit after tax corporate income": 8356,
        "Volume": 20000000,
        "Close of Quarter": 20,
        "EPS": 1582,
        "Non-adjusted EPS": 1582,
        "PE": 12.6,
        "Book Price": 14.1
      }
    },
    {
      "quarter": "Q3 2016",
      "income status": {
        "Net sales": 379366,
        "Cost of goods sold": 265918,
        "Gross Profit": 113448,
        "Financial expenses": 2006,
        "Of which: Interest expense": 1862,
        "Cost of sales": 88149,
        "Enterprise cost management": 12544,
        "Total Operating Expenses": 102699,
        "Total revenue financing activities": 41,
        "Net profit from business activities": 10790,
        "Profit": -121,
        "Profit before tax": 10668,
        "Present corporate income tax expenses": 2134,
        "Deferred income taxes expenses": "N/A",
        "The interests of minority shareholders": "N/A",
        "Total Cost of profits": 2134,
        "Profit after tax corporate income": 8535,
        "Volume": 20000000,
        "Close of Quarter": 17,
        "EPS": 1307,
        "Non-adjusted EPS": 1307,
        "PE": 13.0,
        "Book Price": 13.7
      }
    },
    {
      "quarter": "Q2 2016",
      "income status": {
        "Net sales": 245244,
        "Cost of goods sold": 196949,
        "Gross Profit": 48295,
        "Financial expenses": 2625,
        "Of which: Interest expense": 2146,
        "Cost of sales": 27769,
        "Enterprise cost management": 8029,
        "Total Operating Expenses": 38423,
        "Total revenue financing activities": 970,
        "Net profit from business activities": 10841,
        "Profit": -21,
        "Profit before tax": 10820,
        "Present corporate income tax expenses": 2206,
        "Deferred income taxes expenses": "N/A",
        "The interests of minority shareholders": "N/A",
        "Total Cost of profits": 2206,
        "Profit after tax corporate income": 8614,
        "Volume": 20000000,
        "Close of Quarter": 16.8,
        "EPS": 1310,
        "Non-adjusted EPS": 1310,
        "PE": 12.8,
        "Book Price": 13.3
      }
    },
    {
      "quarter": "Q1 2016",
      "income status": {
        "Net sales": 363181,
        "Cost of goods sold": 291558,
        "Gross Profit": 71623,
        "Financial expenses": 4255,
        "Of which: Interest expense": 2414,
        "Cost of sales": 51851,
        "Enterprise cost management": 8499,
        "Total Operating Expenses": 64605,
        "Total revenue financing activities": 492,
        "Net profit from business activities": 7510,
        "Profit": 160,
        "Profit before tax": 7671,
        "Present corporate income tax expenses": 1534,
        "Deferred income taxes expenses": "N/A",
        "The interests of minority shareholders": "N/A",
        "Total Cost of profits": 1534,
        "Profit after tax corporate income": 6136,
        "Volume": 20000000,
        "Close of Quarter": 10.2,
        "EPS": 1088,
        "Non-adjusted EPS": 1088,
        "PE": 9.4,
        "Book Price": 13.9
      }
    },
    {
      "quarter": "Q4 2015",
      "income status": {
        "Net sales": 334679,
        "Cost of goods sold": 252692,
        "Gross Profit": 81987,
        "Financial expenses": 2625,
        "Of which: Interest expense": 2424,
        "Cost of sales": 65348,
        "Enterprise cost management": 12462,
        "Total Operating Expenses": 80435,
        "Total revenue financing activities": 3044,
        "Net profit from business activities": 4597,
        "Profit": -737,
        "Profit before tax": 3860,
        "Present corporate income tax expenses": 1010,
        "Deferred income taxes expenses": "N/A",
        "The interests of minority shareholders": "N/A",
        "Total Cost of profits": 1010,
        "Profit after tax corporate income": 2850,
        "Volume": 20000000,
        "Close of Quarter": 9.9,
        "EPS": 1280,
        "Non-adjusted EPS": 1280,
        "PE": 7.7,
        "Book Price": 13.6
      }
    },
    {
      "quarter": "Q3 2015",
      "income status": {
        "Net sales": 348056,
        "Cost of goods sold": 265155,
        "Gross Profit": 82901,
        "Financial expenses": 2257,
        "Of which: Interest expense": 2415,
        "Cost of sales": 65441,
        "Enterprise cost management": 9233,
        "Total Operating Expenses": 76931,
        "Total revenue financing activities": 5294,
        "Net profit from business activities": 11263,
        "Profit": -232,
        "Profit before tax": 11032,
        "Present corporate income tax expenses": 2427,
        "Deferred income taxes expenses": "N/A",
        "The interests of minority shareholders": "N/A",
        "Total Cost of profits": 2427,
        "Profit after tax corporate income": 8605,
        "Volume": 20000000,
        "Close of Quarter": "N/A",
        "EPS": 1218,
        "Non-adjusted EPS": 1218,
        "PE": "N/A",
        "Book Price": "N/A"
      }
    },
    {
      "quarter": "Q2 2015",
      "income status": {
        "Net sales": 225823,
        "Cost of goods sold": 175485,
        "Gross Profit": 50338,
        "Financial expenses": 3290,
        "Of which: Interest expense": 3187,
        "Cost of sales": 38498,
        "Enterprise cost management": 8610,
        "Total Operating Expenses": 50398,
        "Total revenue financing activities": 6070,
        "Net profit from business activities": 6009,
        "Profit": -656,
        "Profit before tax": 5354,
        "Present corporate income tax expenses": 1178,
        "Deferred income taxes expenses": "N/A",
        "The interests of minority shareholders": "N/A",
        "Total Cost of profits": 1178,
        "Profit after tax corporate income": 4176,
        "Volume": 20000000,
        "Close of Quarter": "N/A",
        "EPS": 788,
        "Non-adjusted EPS": 788,
        "PE": "N/A",
        "Book Price": 13
      }
    },
    {
      "quarter": "Q1 2015",
      "income status": {
        "Net sales": 341332,
        "Cost of goods sold": 269156,
        "Gross Profit": 72176,
        "Financial expenses": 4476,
        "Of which: Interest expense": 3375,
        "Cost of sales": 49712,
        "Enterprise cost management": 7906,
        "Total Operating Expenses": 62094,
        "Total revenue financing activities": 1964,
        "Net profit from business activities": 12045,
        "Profit": 729,
        "Profit before tax": 12774,
        "Present corporate income tax expenses": 2810,
        "Deferred income taxes expenses": "N/A",
        "The interests of minority shareholders": "N/A",
        "Total Cost of profits": 2810,
        "Profit after tax corporate income": 9964,
        "Volume": 20000000,
        "Close of Quarter": "N/A",
        "EPS": 579,
        "Non-adjusted EPS": 579,
        "PE": "N/A",
        "Book Price": "N/A"
      }
    },
    {
      "quarter": "Q2 2014",
      "income status": {
        "Net sales": 191242,
        "Cost of goods sold": 154822,
        "Gross Profit": 36421,
        "Financial expenses": 2091,
        "Of which: Interest expense": 2188,
        "Cost of sales": 27588,
        "Enterprise cost management": 5732,
        "Total Operating Expenses": 35411,
        "Total revenue financing activities": 1580,
        "Net profit from business activities": 2590,
        "Profit": -523,
        "Profit before tax": 2067,
        "Present corporate income tax expenses": 455,
        "Deferred income taxes expenses": "N/A",
        "The interests of minority shareholders": "N/A",
        "Total Cost of profits": 455,
        "Profit after tax corporate income": 1612,
        "Volume": 20000000,
        "Close of Quarter": "N/A",
        "EPS": 81,
        "Non-adjusted EPS": 81,
        "PE": "N/A",
        "Book Price": "N/A"
      }
    }
  ]
}