{
  "ticker": "TSB",
  "data": [
    {
      "quarter": "Q1 2017",
      "income status": {
        "Net sales": 39217,
        "Cost of goods sold": 32085,
        "Gross Profit": 7133,
        "Financial expenses": 630,
        "Of which: Interest expense": 630,
        "Cost of sales": 3484,
        "Enterprise cost management": 1848,
        "Total Operating Expenses": 5962,
        "Total revenue financing activities": 27,
        "Net profit from business activities": 1197,
        "Profit": 1,
        "Profit before tax": 1199,
        "Present corporate income tax expenses": 243,
        "Deferred income taxes expenses": "N/A",
        "The interests of minority shareholders": "N/A",
        "Total Cost of profits": 243,
        "Profit after tax corporate income": 956,
        "Volume": 6745480,
        "Close of Quarter": 11.7,
        "EPS": 863,
        "Non-adjusted EPS": 863,
        "PE": 13.6,
        "Book Price": 10.9
      }
    },
    {
      "quarter": "Q4 2016",
      "income status": {
        "Net sales": 45654,
        "Cost of goods sold": 36565,
        "Gross Profit": 9090,
        "Financial expenses": 591,
        "Of which: Interest expense": 528,
        "Cost of sales": 4803,
        "Enterprise cost management": 2332,
        "Total Operating Expenses": 7726,
        "Total revenue financing activities": 23,
        "Net profit from business activities": 1385,
        "Profit": -4,
        "Profit before tax": 1381,
        "Present corporate income tax expenses": "N/A",
        "Deferred income taxes expenses": "N/A",
        "The interests of minority shareholders": "N/A",
        "Total Cost of profits": 0,
        "Profit after tax corporate income": 1381,
        "Volume": 6745480,
        "Close of Quarter": 11,
        "EPS": 875,
        "Non-adjusted EPS": 875,
        "PE": 12.6,
        "Book Price": 10.9
      }
    },
    {
      "quarter": "Q3 2016",
      "income status": {
        "Net sales": 52175,
        "Cost of goods sold": 42769,
        "Gross Profit": 9406,
        "Financial expenses": 653,
        "Of which: Interest expense": 653,
        "Cost of sales": 4577,
        "Enterprise cost management": 2704,
        "Total Operating Expenses": 7934,
        "Total revenue financing activities": 25,
        "Net profit from business activities": 1497,
        "Profit": 8,
        "Profit before tax": 1505,
        "Present corporate income tax expenses": "N/A",
        "Deferred income taxes expenses": "N/A",
        "The interests of minority shareholders": "N/A",
        "Total Cost of profits": 0,
        "Profit after tax corporate income": 1505,
        "Volume": 6745480,
        "Close of Quarter": 8.1,
        "EPS": 791,
        "Non-adjusted EPS": 791,
        "PE": 10.3,
        "Book Price": 10.7
      }
    },
    {
      "quarter": "Q2 2016",
      "income status": {
        "Net sales": 52428,
        "Cost of goods sold": 42769,
        "Gross Profit": 9659,
        "Financial expenses": 708,
        "Of which: Interest expense": 708,
        "Cost of sales": 4474,
        "Enterprise cost management": 2598,
        "Total Operating Expenses": 7780,
        "Total revenue financing activities": 82,
        "Net profit from business activities": 1961,
        "Profit": 17,
        "Profit before tax": 1978,
        "Present corporate income tax expenses": "N/A",
        "Deferred income taxes expenses": "N/A",
        "The interests of minority shareholders": "N/A",
        "Total Cost of profits": 0,
        "Profit after tax corporate income": 1978,
        "Volume": 6745480,
        "Close of Quarter": 9.2,
        "EPS": 625,
        "Non-adjusted EPS": 625,
        "PE": 14.8,
        "Book Price": 10.5
      }
    },
    {
      "quarter": "Q1 2016",
      "income status": {
        "Net sales": 50527,
        "Cost of goods sold": 42353,
        "Gross Profit": 8174,
        "Financial expenses": 747,
        "Of which: Interest expense": 745,
        "Cost of sales": 4309,
        "Enterprise cost management": 2144,
        "Total Operating Expenses": 7200,
        "Total revenue financing activities": 39,
        "Net profit from business activities": 1013,
        "Profit": 26,
        "Profit before tax": 1039,
        "Present corporate income tax expenses": "N/A",
        "Deferred income taxes expenses": "N/A",
        "The interests of minority shareholders": "N/A",
        "Total Cost of profits": 0,
        "Profit after tax corporate income": 1039,
        "Volume": 6745480,
        "Close of Quarter": 9.0,
        "EPS": 416,
        "Non-adjusted EPS": 416,
        "PE": 21.7,
        "Book Price": 10.2
      }
    },
    {
      "quarter": "Q4 2015",
      "income status": {
        "Net sales": 43155,
        "Cost of goods sold": 34759,
        "Gross Profit": 8396,
        "Financial expenses": 1060,
        "Of which: Interest expense": 839,
        "Cost of sales": 4194,
        "Enterprise cost management": 2391,
        "Total Operating Expenses": 7645,
        "Total revenue financing activities": 37,
        "Net profit from business activities": 788,
        "Profit": 25,
        "Profit before tax": 813,
        "Present corporate income tax expenses": "N/A",
        "Deferred income taxes expenses": "N/A",
        "The interests of minority shareholders": "N/A",
        "Total Cost of profits": 0,
        "Profit after tax corporate income": 813,
        "Volume": 6745480,
        "Close of Quarter": 10.1,
        "EPS": 386,
        "Non-adjusted EPS": 386,
        "PE": 26.2,
        "Book Price": 10
      }
    },
    {
      "quarter": "Q3 2015",
      "income status": {
        "Net sales": 36598,
        "Cost of goods sold": 29475,
        "Gross Profit": 7123,
        "Financial expenses": 1131,
        "Of which: Interest expense": 980,
        "Cost of sales": 3749,
        "Enterprise cost management": 1977,
        "Total Operating Expenses": 6857,
        "Total revenue financing activities": 27,
        "Net profit from business activities": 294,
        "Profit": 92,
        "Profit before tax": 385,
        "Present corporate income tax expenses": "N/A",
        "Deferred income taxes expenses": "N/A",
        "The interests of minority shareholders": "N/A",
        "Total Cost of profits": 0,
        "Profit after tax corporate income": 385,
        "Volume": 6745480,
        "Close of Quarter": 10.3,
        "EPS": 364,
        "Non-adjusted EPS": 364,
        "PE": 28.3,
        "Book Price": 9.9
      }
    },
    {
      "quarter": "Q2 2015",
      "income status": {
        "Net sales": 41674,
        "Cost of goods sold": 34132,
        "Gross Profit": 7542,
        "Financial expenses": 1260,
        "Of which: Interest expense": 986,
        "Cost of sales": 3499,
        "Enterprise cost management": 2338,
        "Total Operating Expenses": 7097,
        "Total revenue financing activities": 100,
        "Net profit from business activities": 545,
        "Profit": 22,
        "Profit before tax": 567,
        "Present corporate income tax expenses": "N/A",
        "Deferred income taxes expenses": "N/A",
        "The interests of minority shareholders": "N/A",
        "Total Cost of profits": 0,
        "Profit after tax corporate income": 567,
        "Volume": 6745480,
        "Close of Quarter": 10.4,
        "EPS": 394,
        "Non-adjusted EPS": 394,
        "PE": 26.4,
        "Book Price": 9.9
      }
    },
    {
      "quarter": "Q1 2015",
      "income status": {
        "Net sales": 46587,
        "Cost of goods sold": 38874,
        "Gross Profit": 7713,
        "Financial expenses": 1006,
        "Of which: Interest expense": 956,
        "Cost of sales": 3907,
        "Enterprise cost management": 2033,
        "Total Operating Expenses": 6946,
        "Total revenue financing activities": 38,
        "Net profit from business activities": 806,
        "Profit": 33,
        "Profit before tax": 839,
        "Present corporate income tax expenses": "N/A",
        "Deferred income taxes expenses": "N/A",
        "The interests of minority shareholders": "N/A",
        "Total Cost of profits": 0,
        "Profit after tax corporate income": 839,
        "Volume": 6745480,
        "Close of Quarter": 8.9,
        "EPS": 3325,
        "Non-adjusted EPS": 3325,
        "PE": 2.7,
        "Book Price": 9.8
      }
    },
    {
      "quarter": "Q4 2014",
      "income status": {
        "Net sales": 51372,
        "Cost of goods sold": 42802,
        "Gross Profit": 8569,
        "Financial expenses": 1329,
        "Of which: Interest expense": 1257,
        "Cost of sales": 4663,
        "Enterprise cost management": 2087,
        "Total Operating Expenses": 8079,
        "Total revenue financing activities": 142,
        "Net profit from business activities": 632,
        "Profit": 30,
        "Profit before tax": 662,
        "Present corporate income tax expenses": "N/A",
        "Deferred income taxes expenses": "N/A",
        "The interests of minority shareholders": "N/A",
        "Total Cost of profits": 0,
        "Profit after tax corporate income": 662,
        "Volume": 6745480,
        "Close of Quarter": 10.1,
        "EPS": 3237,
        "Non-adjusted EPS": 3237,
        "PE": 3.1,
        "Book Price": 9.7
      }
    },
    {
      "quarter": "Q3 2014",
      "income status": {
        "Net sales": 50619,
        "Cost of goods sold": 42832,
        "Gross Profit": 7787,
        "Financial expenses": 1391,
        "Of which: Interest expense": 1380,
        "Cost of sales": 3969,
        "Enterprise cost management": 1956,
        "Total Operating Expenses": 7316,
        "Total revenue financing activities": 31,
        "Net profit from business activities": 503,
        "Profit": 85,
        "Profit before tax": 588,
        "Present corporate income tax expenses": "N/A",
        "Deferred income taxes expenses": "N/A",
        "The interests of minority shareholders": "N/A",
        "Total Cost of profits": 0,
        "Profit after tax corporate income": 588,
        "Volume": 6745480,
        "Close of Quarter": 10.5,
        "EPS": 3440,
        "Non-adjusted EPS": 3440,
        "PE": 3.1,
        "Book Price": 9.6
      }
    },
    {
      "quarter": "Q2 2014",
      "income status": {
        "Net sales": 46347,
        "Cost of goods sold": 38330,
        "Gross Profit": 8017,
        "Financial expenses": 1466,
        "Of which: Interest expense": 1327,
        "Cost of sales": 3671,
        "Enterprise cost management": 2435,
        "Total Operating Expenses": 7572,
        "Total revenue financing activities": 40,
        "Net profit from business activities": 485,
        "Profit": 25557,
        "Profit before tax": 26042,
        "Present corporate income tax expenses": 5702,
        "Deferred income taxes expenses": "N/A",
        "The interests of minority shareholders": "N/A",
        "Total Cost of profits": 5702,
        "Profit after tax corporate income": 20340,
        "Volume": 6745480,
        "Close of Quarter": 7.6,
        "EPS": 3324,
        "Non-adjusted EPS": 3324,
        "PE": 2.3,
        "Book Price": 9.5
      }
    },
    {
      "quarter": "Q1 2014",
      "income status": {
        "Net sales": 41815,
        "Cost of goods sold": 35262,
        "Gross Profit": 6553,
        "Financial expenses": 1642,
        "Of which: Interest expense": 1629,
        "Cost of sales": 2878,
        "Enterprise cost management": 1818,
        "Total Operating Expenses": 6338,
        "Total revenue financing activities": 17,
        "Net profit from business activities": 232,
        "Profit": 14,
        "Profit before tax": 247,
        "Present corporate income tax expenses": "N/A",
        "Deferred income taxes expenses": "N/A",
        "The interests of minority shareholders": "N/A",
        "Total Cost of profits": 0,
        "Profit after tax corporate income": 247,
        "Volume": 6745480,
        "Close of Quarter": 6.9,
        "EPS": 279,
        "Non-adjusted EPS": 279,
        "PE": 24.9,
        "Book Price": 6.5
      }
    },
    {
      "quarter": "Q4 2013",
      "income status": {
        "Net sales": 44106,
        "Cost of goods sold": 34876,
        "Gross Profit": 9230,
        "Financial expenses": 1997,
        "Of which: Interest expense": 1939,
        "Cost of sales": 3614,
        "Enterprise cost management": 1691,
        "Total Operating Expenses": 7302,
        "Total revenue financing activities": 35,
        "Net profit from business activities": 1962,
        "Profit": 68,
        "Profit before tax": 2030,
        "Present corporate income tax expenses": "N/A",
        "Deferred income taxes expenses": "N/A",
        "The interests of minority shareholders": "N/A",
        "Total Cost of profits": 0,
        "Profit after tax corporate income": 2030,
        "Volume": 6745480,
        "Close of Quarter": 6.4,
        "EPS": 51,
        "Non-adjusted EPS": 51,
        "PE": 126.3,
        "Book Price": 6.5
      }
    },
    {
      "quarter": "Q3 2013",
      "income status": {
        "Net sales": 38889,
        "Cost of goods sold": 32119,
        "Gross Profit": 6770,
        "Financial expenses": 2334,
        "Of which: Interest expense": 2301,
        "Cost of sales": 3165,
        "Enterprise cost management": 1492,
        "Total Operating Expenses": 6991,
        "Total revenue financing activities": 18,
        "Net profit from business activities": -204,
        "Profit": 9,
        "Profit before tax": -195,
        "Present corporate income tax expenses": "N/A",
        "Deferred income taxes expenses": "N/A",
        "The interests of minority shareholders": "N/A",
        "Total Cost of profits": 0,
        "Profit after tax corporate income": -195,
        "Volume": 6745480,
        "Close of Quarter": 6.4,
        "EPS": -770,
        "Non-adjusted EPS": -770,
        "PE": -8.4,
        "Book Price": 6.2
      }
    },
    {
      "quarter": "Q2 2013",
      "income status": {
        "Net sales": 46142,
        "Cost of goods sold": 38206,
        "Gross Profit": 7936,
        "Financial expenses": 2814,
        "Of which: Interest expense": 2476,
        "Cost of sales": 2957,
        "Enterprise cost management": 2602,
        "Total Operating Expenses": 8373,
        "Total revenue financing activities": 84,
        "Net profit from business activities": -352,
        "Profit": 153,
        "Profit before tax": -198,
        "Present corporate income tax expenses": "N/A",
        "Deferred income taxes expenses": "N/A",
        "The interests of minority shareholders": "N/A",
        "Total Cost of profits": 0,
        "Profit after tax corporate income": -198,
        "Volume": 6745480,
        "Close of Quarter": 7.7,
        "EPS": -1717,
        "Non-adjusted EPS": -1717,
        "PE": -4.5,
        "Book Price": 6.2
      }
    },
    {
      "quarter": "Q1 2013",
      "income status": {
        "Net sales": 42748,
        "Cost of goods sold": 36542,
        "Gross Profit": 6206,
        "Financial expenses": 2593,
        "Of which: Interest expense": 2572,
        "Cost of sales": 3346,
        "Enterprise cost management": 1607,
        "Total Operating Expenses": 7546,
        "Total revenue financing activities": 22,
        "Net profit from business activities": -1318,
        "Profit": 24,
        "Profit before tax": -1294,
        "Present corporate income tax expenses": "N/A",
        "Deferred income taxes expenses": "N/A",
        "The interests of minority shareholders": "N/A",
        "Total Cost of profits": 0,
        "Profit after tax corporate income": -1294,
        "Volume": 6745480,
        "Close of Quarter": 4.9,
        "EPS": -3152,
        "Non-adjusted EPS": -3152,
        "PE": -1.5,
        "Book Price": 6.2
      }
    },
    {
      "quarter": "Q4 2012",
      "income status": {
        "Net sales": 33939,
        "Cost of goods sold": 27323,
        "Gross Profit": 6616,
        "Financial expenses": 3277,
        "Of which: Interest expense": 3201,
        "Cost of sales": 4929,
        "Enterprise cost management": 2112,
        "Total Operating Expenses": 10318,
        "Total revenue financing activities": 56,
        "Net profit from business activities": -3646,
        "Profit": 142,
        "Profit before tax": -3504,
        "Present corporate income tax expenses": "N/A",
        "Deferred income taxes expenses": "N/A",
        "The interests of minority shareholders": "N/A",
        "Total Cost of profits": 0,
        "Profit after tax corporate income": -3504,
        "Volume": 6745480,
        "Close of Quarter": 4.7,
        "EPS": -4311,
        "Non-adjusted EPS": -4311,
        "PE": -1.1,
        "Book Price": 6.5
      }
    },
    {
      "quarter": "Q3 2012",
      "income status": {
        "Net sales": 34923,
        "Cost of goods sold": 30557,
        "Gross Profit": 4366,
        "Financial expenses": 3915,
        "Of which: Interest expense": 3841,
        "Cost of sales": 5001,
        "Enterprise cost management": 2135,
        "Total Operating Expenses": 11051,
        "Total revenue financing activities": 28,
        "Net profit from business activities": -6657,
        "Profit": 70,
        "Profit before tax": -6586,
        "Present corporate income tax expenses": "N/A",
        "Deferred income taxes expenses": "N/A",
        "The interests of minority shareholders": "N/A",
        "Total Cost of profits": 0,
        "Profit after tax corporate income": -6586,
        "Volume": 6745480,
        "Close of Quarter": 5.1,
        "EPS": -4509,
        "Non-adjusted EPS": -4509,
        "PE": -1.1,
        "Book Price": 7
      }
    },
    {
      "quarter": "Q2 2012",
      "income status": {
        "Net sales": 45708,
        "Cost of goods sold": 41683,
        "Gross Profit": 4025,
        "Financial expenses": 6131,
        "Of which: Interest expense": 6050,
        "Cost of sales": 5898,
        "Enterprise cost management": 2212,
        "Total Operating Expenses": 14241,
        "Total revenue financing activities": 318,
        "Net profit from business activities": -9898,
        "Profit": 22,
        "Profit before tax": -9875,
        "Present corporate income tax expenses": "N/A",
        "Deferred income taxes expenses": "N/A",
        "The interests of minority shareholders": "N/A",
        "Total Cost of profits": 0,
        "Profit after tax corporate income": -9875,
        "Volume": 3372740,
        "Close of Quarter": 6.4,
        "EPS": -3362,
        "Non-adjusted EPS": -6724,
        "PE": -1.0,
        "Book Price": 8
      }
    },
    {
      "quarter": "Q1 2012",
      "income status": {
        "Net sales": 50622,
        "Cost of goods sold": 47313,
        "Gross Profit": 3308,
        "Financial expenses": 4769,
        "Of which: Interest expense": 4655,
        "Cost of sales": 5625,
        "Enterprise cost management": 2161,
        "Total Operating Expenses": 12555,
        "Total revenue financing activities": 25,
        "Net profit from business activities": -9221,
        "Profit": 103,
        "Profit before tax": -9118,
        "Present corporate income tax expenses": "N/A",
        "Deferred income taxes expenses": "N/A",
        "The interests of minority shareholders": "N/A",
        "Total Cost of profits": 0,
        "Profit after tax corporate income": -9118,
        "Volume": 3372740,
        "Close of Quarter": 7.4,
        "EPS": -1660,
        "Non-adjusted EPS": -3320,
        "PE": -2.2,
        "Book Price": 10.0
      }
    },
    {
      "quarter": "Q4 2011",
      "income status": {
        "Net sales": 43100,
        "Cost of goods sold": 35966,
        "Gross Profit": 7133,
        "Financial expenses": 5402,
        "Of which: Interest expense": 5127,
        "Cost of sales": 5114,
        "Enterprise cost management": 1791,
        "Total Operating Expenses": 12307,
        "Total revenue financing activities": 340,
        "Net profit from business activities": -4833,
        "Profit": -4,
        "Profit before tax": -4837,
        "Present corporate income tax expenses": "N/A",
        "Deferred income taxes expenses": "N/A",
        "The interests of minority shareholders": "N/A",
        "Total Cost of profits": 0,
        "Profit after tax corporate income": -4837,
        "Volume": 3372740,
        "Close of Quarter": 6.9,
        "EPS": 47,
        "Non-adjusted EPS": 94,
        "PE": 73.5,
        "Book Price": 11.4
      }
    },
    {
      "quarter": "Q3 2011",
      "income status": {
        "Net sales": 60379,
        "Cost of goods sold": 48148,
        "Gross Profit": 12231,
        "Financial expenses": 4298,
        "Of which: Interest expense": 4242,
        "Cost of sales": 4713,
        "Enterprise cost management": 1867,
        "Total Operating Expenses": 10878,
        "Total revenue financing activities": 153,
        "Net profit from business activities": 1506,
        "Profit": 31,
        "Profit before tax": 7088,
        "Present corporate income tax expenses": 384,
        "Deferred income taxes expenses": "N/A",
        "The interests of minority shareholders": "N/A",
        "Total Cost of profits": 384,
        "Profit after tax corporate income": 1152,
        "Volume": 3372740,
        "Close of Quarter": 10.6,
        "EPS": 1123.5,
        "Non-adjusted EPS": 2247,
        "PE": 4.7,
        "Book Price": 7.0
      }
    },
    {
      "quarter": "Q2 2011",
      "income status": {
        "Net sales": 64145,
        "Cost of goods sold": 50530,
        "Gross Profit": 13615,
        "Financial expenses": 4664,
        "Of which: Interest expense": 2869,
        "Cost of sales": 5082,
        "Enterprise cost management": 1856,
        "Total Operating Expenses": 11602,
        "Total revenue financing activities": 107,
        "Net profit from business activities": 2119,
        "Profit": 20,
        "Profit before tax": 2140,
        "Present corporate income tax expenses": 535,
        "Deferred income taxes expenses": "N/A",
        "The interests of minority shareholders": "N/A",
        "Total Cost of profits": 535,
        "Profit after tax corporate income": 1605,
        "Volume": 3372740,
        "Close of Quarter": 14.6,
        "EPS": 1311,
        "Non-adjusted EPS": 2622,
        "PE": 5.6,
        "Book Price": 6.8
      }
    },
    {
      "quarter": "Q1 2011",
      "income status": {
        "Net sales": 100802,
        "Cost of goods sold": 84145,
        "Gross Profit": 16658,
        "Financial expenses": 3790,
        "Of which: Interest expense": 2474,
        "Cost of sales": 6982,
        "Enterprise cost management": 2988,
        "Total Operating Expenses": 13760,
        "Total revenue financing activities": 298,
        "Net profit from business activities": 3195,
        "Profit": 3,
        "Profit before tax": 3197,
        "Present corporate income tax expenses": 799,
        "Deferred income taxes expenses": "N/A",
        "The interests of minority shareholders": "N/A",
        "Total Cost of profits": 799,
        "Profit after tax corporate income": 2398,
        "Volume": 3372740,
        "Close of Quarter": 17.3,
        "EPS": 1468.5,
        "Non-adjusted EPS": 2937,
        "PE": 5.9,
        "Book Price": 7.6
      }
    },
    {
      "quarter": "Q4 2010",
      "income status": {
        "Net sales": 64104,
        "Cost of goods sold": 46994,
        "Gross Profit": 17110,
        "Financial expenses": 3549,
        "Of which: Interest expense": 2881,
        "Cost of sales": 7359,
        "Enterprise cost management": 3019,
        "Total Operating Expenses": 13927,
        "Total revenue financing activities": 12,
        "Net profit from business activities": 3194,
        "Profit": 38,
        "Profit before tax": 3233,
        "Present corporate income tax expenses": 808,
        "Deferred income taxes expenses": "N/A",
        "The interests of minority shareholders": "N/A",
        "Total Cost of profits": 808,
        "Profit after tax corporate income": 2425,
        "Volume": 3372740,
        "Close of Quarter": "N/A",
        "EPS": 1571.5,
        "Non-adjusted EPS": 3143,
        "PE": "N/A",
        "Book Price": 7.3
      }
    },
    {
      "quarter": "Q3 2010",
      "income status": {
        "Net sales": 59917,
        "Cost of goods sold": 46811,
        "Gross Profit": 13105,
        "Financial expenses": 2168,
        "Of which: Interest expense": 1867,
        "Cost of sales": 5704,
        "Enterprise cost management": 2025,
        "Total Operating Expenses": 9897,
        "Total revenue financing activities": 9,
        "Net profit from business activities": 3218,
        "Profit": "N/A",
        "Profit before tax": 3218,
        "Present corporate income tax expenses": 805,
        "Deferred income taxes expenses": "N/A",
        "The interests of minority shareholders": "N/A",
        "Total Cost of profits": 805,
        "Profit after tax corporate income": 2414,
        "Volume": 3372740,
        "Close of Quarter": "N/A",
        "EPS": 1590.5,
        "Non-adjusted EPS": 3181,
        "PE": "N/A",
        "Book Price": 6.9
      }
    },
    {
      "quarter": "Q2 2010",
      "income status": {
        "Net sales": 79866,
        "Cost of goods sold": 62510,
        "Gross Profit": 17357,
        "Financial expenses": 4719,
        "Of which: Interest expense": 2096,
        "Cost of sales": 6778,
        "Enterprise cost management": 2353,
        "Total Operating Expenses": 13850,
        "Total revenue financing activities": 40,
        "Net profit from business activities": 3546,
        "Profit": 14,
        "Profit before tax": 3559,
        "Present corporate income tax expenses": 890,
        "Deferred income taxes expenses": "N/A",
        "The interests of minority shareholders": "N/A",
        "Total Cost of profits": 890,
        "Profit after tax corporate income": 2669,
        "Volume": 3372740,
        "Close of Quarter": "N/A",
        "EPS": 1278,
        "Non-adjusted EPS": 2556,
        "PE": "N/A",
        "Book Price": 6.7
      }
    },
    {
      "quarter": "Q1 2010",
      "income status": {
        "Net sales": 64428,
        "Cost of goods sold": 49857,
        "Gross Profit": 14570,
        "Financial expenses": 4227,
        "Of which: Interest expense": 2038,
        "Cost of sales": 4422,
        "Enterprise cost management": 1874,
        "Total Operating Expenses": 10523,
        "Total revenue financing activities": 50,
        "Net profit from business activities": 4097,
        "Profit": 28,
        "Profit before tax": 4126,
        "Present corporate income tax expenses": 1031,
        "Deferred income taxes expenses": "N/A",
        "The interests of minority shareholders": "N/A",
        "Total Cost of profits": 1031,
        "Profit after tax corporate income": 3094,
        "Volume": 3372740,
        "Close of Quarter": "N/A",
        "EPS": 882.5,
        "Non-adjusted EPS": 1765,
        "PE": "N/A",
        "Book Price": "N/A"
      }
    },
    {
      "quarter": "Q4 2009",
      "income status": {
        "Net sales": 55380,
        "Cost of goods sold": 42931,
        "Gross Profit": 12449,
        "Financial expenses": 3072,
        "Of which: Interest expense": 2190,
        "Cost of sales": 3978,
        "Enterprise cost management": 2095,
        "Total Operating Expenses": 9145,
        "Total revenue financing activities": 74,
        "Net profit from business activities": 3378,
        "Profit": -131,
        "Profit before tax": 3247,
        "Present corporate income tax expenses": 696,
        "Deferred income taxes expenses": "N/A",
        "The interests of minority shareholders": "N/A",
        "Total Cost of profits": 696,
        "Profit after tax corporate income": 2550,
        "Volume": 3372740,
        "Close of Quarter": "N/A",
        "EPS": 423.5,
        "Non-adjusted EPS": 847,
        "PE": "N/A",
        "Book Price": 6.0
      }
    },
    {
      "quarter": "Q1 2008",
      "income status": {
        "Net sales": "N/A",
        "Cost of goods sold": "N/A",
        "Gross Profit": -59298,
        "Financial expenses": 1073,
        "Of which: Interest expense": "N/A",
        "Cost of sales": "N/A",
        "Enterprise cost management": "N/A",
        "Total Operating Expenses": 1073,
        "Total revenue financing activities": -12488,
        "Net profit from business activities": -11343,
        "Profit": 71155,
        "Profit before tax": 514,
        "Present corporate income tax expenses": "N/A",
        "Deferred income taxes expenses": "N/A",
        "The interests of minority shareholders": "N/A",
        "Total Cost of profits": 0,
        "Profit after tax corporate income": 308,
        "Volume": 3372740,
        "Close of Quarter": "N/A",
        "EPS": 45.5,
        "Non-adjusted EPS": 91,
        "PE": "N/A",
        "Book Price": "N/A"
      }
    }
  ]
}