{
  "ticker": "NNG",
  "data": [
    {
      "quarter": "Q1 2017",
      "income status": {
        "Net sales": 379257,
        "Cost of goods sold": 278976,
        "Gross Profit": 100282,
        "Financial expenses": 23887,
        "Of which: Interest expense": 21014,
        "Cost of sales": 72487,
        "Enterprise cost management": 24862,
        "Total Operating Expenses": 121236,
        "Total revenue financing activities": 3349,
        "Net profit from business activities": -17605,
        "Profit": -12765,
        "Profit before tax": -30369,
        "Present corporate income tax expenses": 3095,
        "Deferred income taxes expenses": "N/A",
        "The interests of minority shareholders": 85,
        "Total Cost of profits": 3180,
        "Profit after tax corporate income": -33550,
        "Volume": 52250000,
        "Close of Quarter": 9.6,
        "EPS": -504,
        "Non-adjusted EPS": -504,
        "PE": -19.1,
        "Book Price": 11.4
      }
    },
    {
      "quarter": "Q4 2016",
      "income status": {
        "Net sales": 369693,
        "Cost of goods sold": 249793,
        "Gross Profit": 119900,
        "Financial expenses": 25455,
        "Of which: Interest expense": 15746,
        "Cost of sales": 78135,
        "Enterprise cost management": 25816,
        "Total Operating Expenses": 129406,
        "Total revenue financing activities": 5668,
        "Net profit from business activities": -3838,
        "Profit": 7317,
        "Profit before tax": 3479,
        "Present corporate income tax expenses": 4339,
        "Deferred income taxes expenses": -4500,
        "The interests of minority shareholders": "N/A",
        "Total Cost of profits": -161,
        "Profit after tax corporate income": 3641,
        "Volume": 52250000,
        "Close of Quarter": 10.2,
        "EPS": 239,
        "Non-adjusted EPS": 239,
        "PE": 42.7,
        "Book Price": 12.1
      }
    },
    {
      "quarter": "Q3 2016",
      "income status": {
        "Net sales": 400586,
        "Cost of goods sold": 274536,
        "Gross Profit": 126050,
        "Financial expenses": 19242,
        "Of which: Interest expense": 15823,
        "Cost of sales": 79290,
        "Enterprise cost management": 30390,
        "Total Operating Expenses": 128922,
        "Total revenue financing activities": 581,
        "Net profit from business activities": -2292,
        "Profit": 6830,
        "Profit before tax": 4539,
        "Present corporate income tax expenses": 5255,
        "Deferred income taxes expenses": "N/A",
        "The interests of minority shareholders": 226,
        "Total Cost of profits": 5481,
        "Profit after tax corporate income": -942,
        "Volume": 52250000,
        "Close of Quarter": 19,
        "EPS": 520,
        "Non-adjusted EPS": 520,
        "PE": 36.5,
        "Book Price": 12.1
      }
    },
    {
      "quarter": "Q2 2016",
      "income status": {
        "Net sales": 424538,
        "Cost of goods sold": 285196,
        "Gross Profit": 139341,
        "Financial expenses": 16639,
        "Of which: Interest expense": 16272,
        "Cost of sales": 85739,
        "Enterprise cost management": 28106,
        "Total Operating Expenses": 130484,
        "Total revenue financing activities": 5666,
        "Net profit from business activities": 14524,
        "Profit": -6077,
        "Profit before tax": 8447,
        "Present corporate income tax expenses": 3792,
        "Deferred income taxes expenses": -18,
        "The interests of minority shareholders": 167,
        "Total Cost of profits": 3941,
        "Profit after tax corporate income": 4506,
        "Volume": 52250000,
        "Close of Quarter": 14.5,
        "EPS": 1179,
        "Non-adjusted EPS": 1179,
        "PE": 12.3,
        "Book Price": 12.1
      }
    },
    {
      "quarter": "Q1 2016",
      "income status": {
        "Net sales": 421092,
        "Cost of goods sold": 275919,
        "Gross Profit": 145173,
        "Financial expenses": 14027,
        "Of which: Interest expense": 13859,
        "Cost of sales": 100055,
        "Enterprise cost management": 22409,
        "Total Operating Expenses": 136491,
        "Total revenue financing activities": 1547,
        "Net profit from business activities": 10229,
        "Profit": 411,
        "Profit before tax": 10640,
        "Present corporate income tax expenses": 5721,
        "Deferred income taxes expenses": "N/A",
        "The interests of minority shareholders": -345,
        "Total Cost of profits": 5376,
        "Profit after tax corporate income": 5264,
        "Volume": 52250000,
        "Close of Quarter": 15.0,
        "EPS": 915,
        "Non-adjusted EPS": 915,
        "PE": 16.4,
        "Book Price": 12.9
      }
    },
    {
      "quarter": "Q4 2015",
      "income status": {
        "Net sales": 527330,
        "Cost of goods sold": 372383,
        "Gross Profit": 154947,
        "Financial expenses": 57188,
        "Of which: Interest expense": 12407,
        "Cost of sales": 101948,
        "Enterprise cost management": 20557,
        "Total Operating Expenses": 179693,
        "Total revenue financing activities": 3930,
        "Net profit from business activities": -20816,
        "Profit": 948,
        "Profit before tax": -19868,
        "Present corporate income tax expenses": 727,
        "Deferred income taxes expenses": -37497,
        "The interests of minority shareholders": -1429,
        "Total Cost of profits": -38199,
        "Profit after tax corporate income": 18331,
        "Volume": 52250000,
        "Close of Quarter": 9.2,
        "EPS": 1067,
        "Non-adjusted EPS": 1067,
        "PE": 8.7,
        "Book Price": 12.9
      }
    },
    {
      "quarter": "Q3 2015",
      "income status": {
        "Net sales": 468872,
        "Cost of goods sold": 334729,
        "Gross Profit": 134143,
        "Financial expenses": 15628,
        "Of which: Interest expense": 14642,
        "Cost of sales": 59690,
        "Enterprise cost management": 20733,
        "Total Operating Expenses": 96051,
        "Total revenue financing activities": 760,
        "Net profit from business activities": 38851,
        "Profit": -543,
        "Profit before tax": 38308,
        "Present corporate income tax expenses": 4736,
        "Deferred income taxes expenses": "N/A",
        "The interests of minority shareholders": 81,
        "Total Cost of profits": 4817,
        "Profit after tax corporate income": 33492,
        "Volume": 52250000,
        "Close of Quarter": 9.3,
        "EPS": 865,
        "Non-adjusted EPS": 865,
        "PE": 10.8,
        "Book Price": 12.4
      }
    },
    {
      "quarter": "Q2 2015",
      "income status": {
        "Net sales": 454294,
        "Cost of goods sold": 324177,
        "Gross Profit": 130118,
        "Financial expenses": 19827,
        "Of which: Interest expense": 16608,
        "Cost of sales": 63990,
        "Enterprise cost management": 18913,
        "Total Operating Expenses": 102730,
        "Total revenue financing activities": 2003,
        "Net profit from business activities": 29390,
        "Profit": 1767,
        "Profit before tax": 31157,
        "Present corporate income tax expenses": -212,
        "Deferred income taxes expenses": 41293,
        "The interests of minority shareholders": -633,
        "Total Cost of profits": 40448,
        "Profit after tax corporate income": -9291,
        "Volume": 52250000,
        "Close of Quarter": 10.6,
        "EPS": 224,
        "Non-adjusted EPS": 224,
        "PE": 47.5,
        "Book Price": 11.7
      }
    },
    {
      "quarter": "Q1 2015",
      "income status": {
        "Net sales": 406707,
        "Cost of goods sold": 290949,
        "Gross Profit": 115758,
        "Financial expenses": 17209,
        "Of which: Interest expense": 16348,
        "Cost of sales": 55163,
        "Enterprise cost management": 18186,
        "Total Operating Expenses": 90558,
        "Total revenue financing activities": 299,
        "Net profit from business activities": 25500,
        "Profit": -1789,
        "Profit before tax": 23711,
        "Present corporate income tax expenses": 10606,
        "Deferred income taxes expenses": "N/A",
        "The interests of minority shareholders": -117,
        "Total Cost of profits": 10489,
        "Profit after tax corporate income": 13223,
        "Volume": 52250000,
        "Close of Quarter": 18.0,
        "EPS": 402,
        "Non-adjusted EPS": 402,
        "PE": 44.8,
        "Book Price": 11.9
      }
    },
    {
      "quarter": "Q1 2014",
      "income status": {
        "Net sales": 427873,
        "Cost of goods sold": 327914,
        "Gross Profit": 99959,
        "Financial expenses": 21019,
        "Of which: Interest expense": 20568,
        "Cost of sales": 49605,
        "Enterprise cost management": 18822,
        "Total Operating Expenses": 89446,
        "Total revenue financing activities": 674,
        "Net profit from business activities": 11186,
        "Profit": 261,
        "Profit before tax": 11447,
        "Present corporate income tax expenses": 3114,
        "Deferred income taxes expenses": 93,
        "The interests of minority shareholders": 471,
        "Total Cost of profits": 3678,
        "Profit after tax corporate income": 7770,
        "Volume": 52250000,
        "Close of Quarter": "N/A",
        "EPS": 149,
        "Non-adjusted EPS": 149,
        "PE": "N/A",
        "Book Price": "N/A"
      }
    }
  ]
}