{
  "ticker": "SCI",
  "data": [
    {
      "quarter": "Q1 2017",
      "income status": {
        "Net sales": 92160,
        "Cost of goods sold": 80210,
        "Gross Profit": 11950,
        "Financial expenses": 4455,
        "Of which: Interest expense": 4414,
        "Cost of sales": "N/A",
        "Enterprise cost management": 6242,
        "Total Operating Expenses": 10697,
        "Total revenue financing activities": 571,
        "Net profit from business activities": 1823,
        "Profit": -20,
        "Profit before tax": 1803,
        "Present corporate income tax expenses": 365,
        "Deferred income taxes expenses": "N/A",
        "The interests of minority shareholders": "N/A",
        "Total Cost of profits": 365,
        "Profit after tax corporate income": 1438,
        "Volume": 10000000,
        "Close of Quarter": 6,
        "EPS": 484,
        "Non-adjusted EPS": 484,
        "PE": 12.4,
        "Book Price": 12.3
      }
    },
    {
      "quarter": "Q4 2016",
      "income status": {
        "Net sales": 135648,
        "Cost of goods sold": 122109,
        "Gross Profit": 13539,
        "Financial expenses": 4199,
        "Of which: Interest expense": 4199,
        "Cost of sales": "N/A",
        "Enterprise cost management": 12649,
        "Total Operating Expenses": 16848,
        "Total revenue financing activities": 776,
        "Net profit from business activities": -2532,
        "Profit": 65,
        "Profit before tax": -2468,
        "Present corporate income tax expenses": -490,
        "Deferred income taxes expenses": "N/A",
        "The interests of minority shareholders": "N/A",
        "Total Cost of profits": -490,
        "Profit after tax corporate income": -1977,
        "Volume": 10000000,
        "Close of Quarter": 7.3,
        "EPS": 433,
        "Non-adjusted EPS": 433,
        "PE": 16.9,
        "Book Price": 12.7
      }
    },
    {
      "quarter": "Q3 2016",
      "income status": {
        "Net sales": 113231,
        "Cost of goods sold": 101024,
        "Gross Profit": 12208,
        "Financial expenses": 3082,
        "Of which: Interest expense": 3068,
        "Cost of sales": "N/A",
        "Enterprise cost management": 6347,
        "Total Operating Expenses": 9429,
        "Total revenue financing activities": 361,
        "Net profit from business activities": 3140,
        "Profit": 279,
        "Profit before tax": 3419,
        "Present corporate income tax expenses": 686,
        "Deferred income taxes expenses": "N/A",
        "The interests of minority shareholders": "N/A",
        "Total Cost of profits": 686,
        "Profit after tax corporate income": 2733,
        "Volume": 10000000,
        "Close of Quarter": 9.3,
        "EPS": 665,
        "Non-adjusted EPS": 665,
        "PE": 13.9,
        "Book Price": 12.9
      }
    },
    {
      "quarter": "Q2 2016",
      "income status": {
        "Net sales": 75830,
        "Cost of goods sold": 67289,
        "Gross Profit": 8541,
        "Financial expenses": 3583,
        "Of which: Interest expense": 3443,
        "Cost of sales": "N/A",
        "Enterprise cost management": 6376,
        "Total Operating Expenses": 9959,
        "Total revenue financing activities": 4391,
        "Net profit from business activities": 2973,
        "Profit": 175,
        "Profit before tax": 3148,
        "Present corporate income tax expenses": 500,
        "Deferred income taxes expenses": "N/A",
        "The interests of minority shareholders": "N/A",
        "Total Cost of profits": 500,
        "Profit after tax corporate income": 2649,
        "Volume": 10000000,
        "Close of Quarter": 8.7,
        "EPS": 1060,
        "Non-adjusted EPS": 1060,
        "PE": 8.2,
        "Book Price": 12.7
      }
    },
    {
      "quarter": "Q1 2016",
      "income status": {
        "Net sales": 33353,
        "Cost of goods sold": 24683,
        "Gross Profit": 8670,
        "Financial expenses": 2516,
        "Of which: Interest expense": 2509,
        "Cost of sales": "N/A",
        "Enterprise cost management": 5188,
        "Total Operating Expenses": 7704,
        "Total revenue financing activities": 18,
        "Net profit from business activities": 984,
        "Profit": 129,
        "Profit before tax": 1113,
        "Present corporate income tax expenses": 192,
        "Deferred income taxes expenses": "N/A",
        "The interests of minority shareholders": "N/A",
        "Total Cost of profits": 192,
        "Profit after tax corporate income": 921,
        "Volume": 10000000,
        "Close of Quarter": 11.2,
        "EPS": 961,
        "Non-adjusted EPS": 961,
        "PE": 11.7,
        "Book Price": 12.5
      }
    },
    {
      "quarter": "Q4 2015",
      "income status": {
        "Net sales": 74663,
        "Cost of goods sold": 67832,
        "Gross Profit": 6831,
        "Financial expenses": 3389,
        "Of which: Interest expense": 2784,
        "Cost of sales": 8,
        "Enterprise cost management": 5704,
        "Total Operating Expenses": 9101,
        "Total revenue financing activities": 3498,
        "Net profit from business activities": 1228,
        "Profit": -593,
        "Profit before tax": 635,
        "Present corporate income tax expenses": 291,
        "Deferred income taxes expenses": "N/A",
        "The interests of minority shareholders": "N/A",
        "Total Cost of profits": 291,
        "Profit after tax corporate income": 344,
        "Volume": 10000000,
        "Close of Quarter": 9.8,
        "EPS": 869,
        "Non-adjusted EPS": 869,
        "PE": 11.3,
        "Book Price": 12.5
      }
    },
    {
      "quarter": "Q3 2015",
      "income status": {
        "Net sales": 59193,
        "Cost of goods sold": 44442,
        "Gross Profit": 14751,
        "Financial expenses": 2691,
        "Of which: Interest expense": 2691,
        "Cost of sales": "N/A",
        "Enterprise cost management": 4175,
        "Total Operating Expenses": 6866,
        "Total revenue financing activities": 699,
        "Net profit from business activities": 8584,
        "Profit": -7,
        "Profit before tax": 8576,
        "Present corporate income tax expenses": 1888,
        "Deferred income taxes expenses": "N/A",
        "The interests of minority shareholders": "N/A",
        "Total Cost of profits": 1888,
        "Profit after tax corporate income": 6688,
        "Volume": 10000000,
        "Close of Quarter": 11.2,
        "EPS": 835,
        "Non-adjusted EPS": 835,
        "PE": 13.5,
        "Book Price": 12.4
      }
    },
    {
      "quarter": "Q2 2014",
      "income status": {
        "Net sales": 49449,
        "Cost of goods sold": 42405,
        "Gross Profit": 7044,
        "Financial expenses": 1546,
        "Of which: Interest expense": 1546,
        "Cost of sales": 44,
        "Enterprise cost management": 3333,
        "Total Operating Expenses": 4923,
        "Total revenue financing activities": 8,
        "Net profit from business activities": 2128,
        "Profit": 5,
        "Profit before tax": 2133,
        "Present corporate income tax expenses": 474,
        "Deferred income taxes expenses": "N/A",
        "The interests of minority shareholders": "N/A",
        "Total Cost of profits": 474,
        "Profit after tax corporate income": 1660,
        "Volume": 5000000,
        "Close of Quarter": 8.5,
        "EPS": 166,
        "Non-adjusted EPS": 332,
        "PE": 25.7,
        "Book Price": 6.1
      }
    }
  ]
}