{
  "ticker": "EMC",
  "data": [
    {
      "quarter": "Q1 2017",
      "income status": {
        "Net sales": 63147,
        "Cost of goods sold": 55225,
        "Gross Profit": 7922,
        "Financial expenses": 1777,
        "Of which: Interest expense": 1777,
        "Cost of sales": 2104,
        "Enterprise cost management": 4233,
        "Total Operating Expenses": 8114,
        "Total revenue financing activities": 9,
        "Net profit from business activities": -182,
        "Profit": 326,
        "Profit before tax": 144,
        "Present corporate income tax expenses": 42,
        "Deferred income taxes expenses": "N/A",
        "The interests of minority shareholders": "N/A",
        "Total Cost of profits": 42,
        "Profit after tax corporate income": 102,
        "Volume": 11473000,
        "Close of Quarter": 15.6,
        "EPS": 112,
        "Non-adjusted EPS": 112,
        "PE": 138.8,
        "Book Price": 10.5
      }
    },
    {
      "quarter": "Q4 2016",
      "income status": {
        "Net sales": 75411,
        "Cost of goods sold": 61389,
        "Gross Profit": 14022,
        "Financial expenses": 1327,
        "Of which: Interest expense": 2658,
        "Cost of sales": 4947,
        "Enterprise cost management": 8139,
        "Total Operating Expenses": 14413,
        "Total revenue financing activities": 10,
        "Net profit from business activities": -382,
        "Profit": 983,
        "Profit before tax": 602,
        "Present corporate income tax expenses": 122,
        "Deferred income taxes expenses": "N/A",
        "The interests of minority shareholders": "N/A",
        "Total Cost of profits": 122,
        "Profit after tax corporate income": 479,
        "Volume": 11473000,
        "Close of Quarter": 12.4,
        "EPS": 117,
        "Non-adjusted EPS": 117,
        "PE": 106.0,
        "Book Price": 10.5
      }
    },
    {
      "quarter": "Q3 2016",
      "income status": {
        "Net sales": 84308,
        "Cost of goods sold": 71652,
        "Gross Profit": 12656,
        "Financial expenses": 2039,
        "Of which: Interest expense": 2039,
        "Cost of sales": 4471,
        "Enterprise cost management": 6170,
        "Total Operating Expenses": 12680,
        "Total revenue financing activities": 133,
        "Net profit from business activities": 109,
        "Profit": 16,
        "Profit before tax": 125,
        "Present corporate income tax expenses": 28,
        "Deferred income taxes expenses": "N/A",
        "The interests of minority shareholders": "N/A",
        "Total Cost of profits": 28,
        "Profit after tax corporate income": 97,
        "Volume": 11473000,
        "Close of Quarter": 11.1,
        "EPS": 183,
        "Non-adjusted EPS": 183,
        "PE": 60.4,
        "Book Price": 10.4
      }
    },
    {
      "quarter": "Q2 2016",
      "income status": {
        "Net sales": 72116,
        "Cost of goods sold": 62646,
        "Gross Profit": 9469,
        "Financial expenses": 3579,
        "Of which: Interest expense": 4639,
        "Cost of sales": 3858,
        "Enterprise cost management": 1699,
        "Total Operating Expenses": 9136,
        "Total revenue financing activities": 478,
        "Net profit from business activities": 812,
        "Profit": -127,
        "Profit before tax": 685,
        "Present corporate income tax expenses": 76,
        "Deferred income taxes expenses": "N/A",
        "The interests of minority shareholders": "N/A",
        "Total Cost of profits": 76,
        "Profit after tax corporate income": 609,
        "Volume": 11473000,
        "Close of Quarter": 12.3,
        "EPS": 223,
        "Non-adjusted EPS": 223,
        "PE": 55.3,
        "Book Price": 10.4
      }
    },
    {
      "quarter": "Q1 2016",
      "income status": {
        "Net sales": 44895,
        "Cost of goods sold": 35434,
        "Gross Profit": 9461,
        "Financial expenses": 2982,
        "Of which: Interest expense": 1957,
        "Cost of sales": 2878,
        "Enterprise cost management": 3373,
        "Total Operating Expenses": 9233,
        "Total revenue financing activities": 20,
        "Net profit from business activities": 248,
        "Profit": -47,
        "Profit before tax": 201,
        "Present corporate income tax expenses": 44,
        "Deferred income taxes expenses": "N/A",
        "The interests of minority shareholders": "N/A",
        "Total Cost of profits": 44,
        "Profit after tax corporate income": 157,
        "Volume": 8073000,
        "Close of Quarter": 10.6,
        "EPS": 229.4,
        "Non-adjusted EPS": 326,
        "PE": 32.4,
        "Book Price": 7.5
      }
    },
    {
      "quarter": "Q4 2015",
      "income status": {
        "Net sales": 112029,
        "Cost of goods sold": 94997,
        "Gross Profit": 17032,
        "Financial expenses": 4616,
        "Of which: Interest expense": 4524,
        "Cost of sales": 4532,
        "Enterprise cost management": 6654,
        "Total Operating Expenses": 15802,
        "Total revenue financing activities": 79,
        "Net profit from business activities": 1309,
        "Profit": 271,
        "Profit before tax": 1580,
        "Present corporate income tax expenses": 338,
        "Deferred income taxes expenses": "N/A",
        "The interests of minority shareholders": "N/A",
        "Total Cost of profits": 338,
        "Profit after tax corporate income": 1242,
        "Volume": 8073000,
        "Close of Quarter": 9.9,
        "EPS": 261.8,
        "Non-adjusted EPS": 372,
        "PE": 26.7,
        "Book Price": 7.5
      }
    },
    {
      "quarter": "Q3 2015",
      "income status": {
        "Net sales": 102829,
        "Cost of goods sold": 89591,
        "Gross Profit": 13237,
        "Financial expenses": 3446,
        "Of which: Interest expense": 3299,
        "Cost of sales": 2792,
        "Enterprise cost management": 5054,
        "Total Operating Expenses": 11292,
        "Total revenue financing activities": 70,
        "Net profit from business activities": 2015,
        "Profit": -1020,
        "Profit before tax": 995,
        "Present corporate income tax expenses": 445,
        "Deferred income taxes expenses": "N/A",
        "The interests of minority shareholders": "N/A",
        "Total Cost of profits": 445,
        "Profit after tax corporate income": 551,
        "Volume": 8073000,
        "Close of Quarter": 10.0,
        "EPS": 266.0,
        "Non-adjusted EPS": 378,
        "PE": 26.5,
        "Book Price": 7.4
      }
    },
    {
      "quarter": "Q2 2015",
      "income status": {
        "Net sales": 58014,
        "Cost of goods sold": 46126,
        "Gross Profit": 11887,
        "Financial expenses": 3524,
        "Of which: Interest expense": 3761,
        "Cost of sales": 2696,
        "Enterprise cost management": 4766,
        "Total Operating Expenses": 10986,
        "Total revenue financing activities": 17,
        "Net profit from business activities": 918,
        "Profit": -3,
        "Profit before tax": 915,
        "Present corporate income tax expenses": 235,
        "Deferred income taxes expenses": "N/A",
        "The interests of minority shareholders": "N/A",
        "Total Cost of profits": 235,
        "Profit after tax corporate income": 680,
        "Volume": 8073000,
        "Close of Quarter": 8.0,
        "EPS": 287.1,
        "Non-adjusted EPS": 408,
        "PE": 19.6,
        "Book Price": 7.3
      }
    },
    {
      "quarter": "Q1 2015",
      "income status": {
        "Net sales": 45324,
        "Cost of goods sold": 36645,
        "Gross Profit": 8679,
        "Financial expenses": 3062,
        "Of which: Interest expense": 3049,
        "Cost of sales": 1775,
        "Enterprise cost management": 3172,
        "Total Operating Expenses": 8009,
        "Total revenue financing activities": 43,
        "Net profit from business activities": 712,
        "Profit": -26,
        "Profit before tax": 687,
        "Present corporate income tax expenses": 152,
        "Deferred income taxes expenses": "N/A",
        "The interests of minority shareholders": "N/A",
        "Total Cost of profits": 152,
        "Profit after tax corporate income": 534,
        "Volume": 8073000,
        "Close of Quarter": 5.5,
        "EPS": 290.6,
        "Non-adjusted EPS": 413,
        "PE": 13.4,
        "Book Price": 7.6
      }
    },
    {
      "quarter": "Q4 2014",
      "income status": {
        "Net sales": 105442,
        "Cost of goods sold": 92961,
        "Gross Profit": 12481,
        "Financial expenses": 3472,
        "Of which: Interest expense": 3796,
        "Cost of sales": 5653,
        "Enterprise cost management": 2424,
        "Total Operating Expenses": 11549,
        "Total revenue financing activities": 19,
        "Net profit from business activities": 951,
        "Profit": 703,
        "Profit before tax": 1654,
        "Present corporate income tax expenses": 369,
        "Deferred income taxes expenses": "N/A",
        "The interests of minority shareholders": "N/A",
        "Total Cost of profits": 369,
        "Profit after tax corporate income": 1285,
        "Volume": 8073000,
        "Close of Quarter": 5.3,
        "EPS": 284.3,
        "Non-adjusted EPS": 404,
        "PE": 13.0,
        "Book Price": 7.6
      }
    },
    {
      "quarter": "Q3 2014",
      "income status": {
        "Net sales": 53062,
        "Cost of goods sold": 42960,
        "Gross Profit": 10102,
        "Financial expenses": 3365,
        "Of which: Interest expense": 3365,
        "Cost of sales": 2461,
        "Enterprise cost management": 3829,
        "Total Operating Expenses": 9655,
        "Total revenue financing activities": 609,
        "Net profit from business activities": 1057,
        "Profit": -35,
        "Profit before tax": 1021,
        "Present corporate income tax expenses": 225,
        "Deferred income taxes expenses": "N/A",
        "The interests of minority shareholders": "N/A",
        "Total Cost of profits": 225,
        "Profit after tax corporate income": 797,
        "Volume": 8073000,
        "Close of Quarter": 5.1,
        "EPS": 725.5,
        "Non-adjusted EPS": 1031,
        "PE": 4.9,
        "Book Price": 7.5
      }
    },
    {
      "quarter": "Q2 2014",
      "income status": {
        "Net sales": 65528,
        "Cost of goods sold": 55407,
        "Gross Profit": 10121,
        "Financial expenses": 3546,
        "Of which: Interest expense": 3522,
        "Cost of sales": 1927,
        "Enterprise cost management": 4052,
        "Total Operating Expenses": 9525,
        "Total revenue financing activities": 278,
        "Net profit from business activities": 874,
        "Profit": -24,
        "Profit before tax": 850,
        "Present corporate income tax expenses": 132,
        "Deferred income taxes expenses": "N/A",
        "The interests of minority shareholders": "N/A",
        "Total Cost of profits": 132,
        "Profit after tax corporate income": 718,
        "Volume": 8073000,
        "Close of Quarter": 4.2,
        "EPS": 520,
        "Non-adjusted EPS": 739,
        "PE": 5.7,
        "Book Price": 7.4
      }
    },
    {
      "quarter": "Q1 2014",
      "income status": {
        "Net sales": 26033,
        "Cost of goods sold": 16015,
        "Gross Profit": 10018,
        "Financial expenses": 2996,
        "Of which: Interest expense": 2963,
        "Cost of sales": 2862,
        "Enterprise cost management": 3249,
        "Total Operating Expenses": 9107,
        "Total revenue financing activities": 24,
        "Net profit from business activities": 935,
        "Profit": -338,
        "Profit before tax": 596,
        "Present corporate income tax expenses": 136,
        "Deferred income taxes expenses": "N/A",
        "The interests of minority shareholders": "N/A",
        "Total Cost of profits": 136,
        "Profit after tax corporate income": 461,
        "Volume": 8073000,
        "Close of Quarter": 5.2,
        "EPS": 25.3,
        "Non-adjusted EPS": 36,
        "PE": 143.9,
        "Book Price": 7.3
      }
    },
    {
      "quarter": "Q4 2013",
      "income status": {
        "Net sales": 71784,
        "Cost of goods sold": 54577,
        "Gross Profit": 17207,
        "Financial expenses": 3757,
        "Of which: Interest expense": 3611,
        "Cost of sales": 6088,
        "Enterprise cost management": 1424,
        "Total Operating Expenses": 11269,
        "Total revenue financing activities": 43,
        "Net profit from business activities": 5980,
        "Profit": 364,
        "Profit before tax": 6344,
        "Present corporate income tax expenses": "N/A",
        "Deferred income taxes expenses": "N/A",
        "The interests of minority shareholders": "N/A",
        "Total Cost of profits": 0,
        "Profit after tax corporate income": 6344,
        "Volume": 8073000,
        "Close of Quarter": 4.4,
        "EPS": -3.5,
        "Non-adjusted EPS": -5,
        "PE": -880,
        "Book Price": 7.3
      }
    },
    {
      "quarter": "Q3 2013",
      "income status": {
        "Net sales": 81071,
        "Cost of goods sold": 70496,
        "Gross Profit": 10574,
        "Financial expenses": 4188,
        "Of which: Interest expense": 4035,
        "Cost of sales": 3644,
        "Enterprise cost management": 4226,
        "Total Operating Expenses": 12058,
        "Total revenue financing activities": 50,
        "Net profit from business activities": -1433,
        "Profit": -123,
        "Profit before tax": -1556,
        "Present corporate income tax expenses": "N/A",
        "Deferred income taxes expenses": "N/A",
        "The interests of minority shareholders": "N/A",
        "Total Cost of profits": 0,
        "Profit after tax corporate income": -1556,
        "Volume": 8073000,
        "Close of Quarter": 4.5,
        "EPS": -102.0,
        "Non-adjusted EPS": -145,
        "PE": -31.0,
        "Book Price": 6.8
      }
    },
    {
      "quarter": "Q2 2013",
      "income status": {
        "Net sales": 23487,
        "Cost of goods sold": 21032,
        "Gross Profit": 2455,
        "Financial expenses": 87,
        "Of which: Interest expense": -1622,
        "Cost of sales": 2944,
        "Enterprise cost management": 2969,
        "Total Operating Expenses": 6000,
        "Total revenue financing activities": -1009,
        "Net profit from business activities": -4555,
        "Profit": -451,
        "Profit before tax": -5005,
        "Present corporate income tax expenses": -44,
        "Deferred income taxes expenses": "N/A",
        "The interests of minority shareholders": "N/A",
        "Total Cost of profits": -44,
        "Profit after tax corporate income": -4961,
        "Volume": 8073000,
        "Close of Quarter": 5.5,
        "EPS": 33.8,
        "Non-adjusted EPS": 48,
        "PE": 115,
        "Book Price": 6.8
      }
    },
    {
      "quarter": "Q1 2013",
      "income status": {
        "Net sales": 41611,
        "Cost of goods sold": 33483,
        "Gross Profit": 8128,
        "Financial expenses": 3633,
        "Of which: Interest expense": 5566,
        "Cost of sales": 2449,
        "Enterprise cost management": 2933,
        "Total Operating Expenses": 9015,
        "Total revenue financing activities": 1064,
        "Net profit from business activities": 177,
        "Profit": 1,
        "Profit before tax": 178,
        "Present corporate income tax expenses": 44,
        "Deferred income taxes expenses": "N/A",
        "The interests of minority shareholders": "N/A",
        "Total Cost of profits": 44,
        "Profit after tax corporate income": 133,
        "Volume": 8073000,
        "Close of Quarter": 4.8,
        "EPS": 465.8,
        "Non-adjusted EPS": 662,
        "PE": 7.2,
        "Book Price": 8.0
      }
    },
    {
      "quarter": "Q4 2012",
      "income status": {
        "Net sales": 87016,
        "Cost of goods sold": 66017,
        "Gross Profit": 20999,
        "Financial expenses": 4803,
        "Of which: Interest expense": 4989,
        "Cost of sales": 8040,
        "Enterprise cost management": 2806,
        "Total Operating Expenses": 15649,
        "Total revenue financing activities": 1338,
        "Net profit from business activities": 6688,
        "Profit": 25,
        "Profit before tax": 6714,
        "Present corporate income tax expenses": 1501,
        "Deferred income taxes expenses": "N/A",
        "The interests of minority shareholders": "N/A",
        "Total Cost of profits": 1501,
        "Profit after tax corporate income": 5213,
        "Volume": 8073000,
        "Close of Quarter": 4.4,
        "EPS": 454.6,
        "Non-adjusted EPS": 646,
        "PE": 6.8,
        "Book Price": 8.0
      }
    }
  ]
}