{
  "ticker": "NOS",
  "data": [
    {
      "quarter": "Q1 2017",
      "income status": {
        "Net sales": 23727,
        "Cost of goods sold": 37097,
        "Gross Profit": -13371,
        "Financial expenses": 35287,
        "Of which: Interest expense": 35298,
        "Cost of sales": "N/A",
        "Enterprise cost management": 3993,
        "Total Operating Expenses": 39280,
        "Total revenue financing activities": "N/A",
        "Net profit from business activities": -52650,
        "Profit": -4460,
        "Profit before tax": -57110,
        "Present corporate income tax expenses": "N/A",
        "Deferred income taxes expenses": "N/A",
        "The interests of minority shareholders": "N/A",
        "Total Cost of profits": 0,
        "Profit after tax corporate income": -57110,
        "Volume": 20056000,
        "Close of Quarter": 0.4,
        "EPS": -14816,
        "Non-adjusted EPS": -14816,
        "PE": -0.0,
        "Book Price": -159.4
      }
    },
    {
      "quarter": "Q4 2016",
      "income status": {
        "Net sales": 23593,
        "Cost of goods sold": 37067,
        "Gross Profit": -13474,
        "Financial expenses": 93221,
        "Of which: Interest expense": 37158,
        "Cost of sales": -962,
        "Enterprise cost management": 4020,
        "Total Operating Expenses": 96279,
        "Total revenue financing activities": 1,
        "Net profit from business activities": -101316,
        "Profit": 3646,
        "Profit before tax": -97670,
        "Present corporate income tax expenses": "N/A",
        "Deferred income taxes expenses": "N/A",
        "The interests of minority shareholders": "N/A",
        "Total Cost of profits": 0,
        "Profit after tax corporate income": -97670,
        "Volume": 20056000,
        "Close of Quarter": 0.3,
        "EPS": -16692,
        "Non-adjusted EPS": -16692,
        "PE": -0.0,
        "Book Price": -157.1
      }
    },
    {
      "quarter": "Q3 2016",
      "income status": {
        "Net sales": 31911,
        "Cost of goods sold": 26961,
        "Gross Profit": 4950,
        "Financial expenses": 41106,
        "Of which: Interest expense": 41097,
        "Cost of sales": 962,
        "Enterprise cost management": 4381,
        "Total Operating Expenses": 46449,
        "Total revenue financing activities": 16,
        "Net profit from business activities": -41483,
        "Profit": 4564,
        "Profit before tax": -36919,
        "Present corporate income tax expenses": 1,
        "Deferred income taxes expenses": "N/A",
        "The interests of minority shareholders": "N/A",
        "Total Cost of profits": 1,
        "Profit after tax corporate income": -36921,
        "Volume": 20056000,
        "Close of Quarter": 0.4,
        "EPS": -16883,
        "Non-adjusted EPS": -16883,
        "PE": -0.0,
        "Book Price": -151.9
      }
    },
    {
      "quarter": "Q2 2016",
      "income status": {
        "Net sales": 39342,
        "Cost of goods sold": 99226,
        "Gross Profit": -59884,
        "Financial expenses": 47099,
        "Of which: Interest expense": 47094,
        "Cost of sales": "N/A",
        "Enterprise cost management": 6392,
        "Total Operating Expenses": 53491,
        "Total revenue financing activities": 24192,
        "Net profit from business activities": -97620,
        "Profit": -7832,
        "Profit before tax": -105452,
        "Present corporate income tax expenses": -1,
        "Deferred income taxes expenses": "N/A",
        "The interests of minority shareholders": "N/A",
        "Total Cost of profits": -1,
        "Profit after tax corporate income": -105451,
        "Volume": 20056000,
        "Close of Quarter": 0.5,
        "EPS": -20349,
        "Non-adjusted EPS": -20349,
        "PE": -0.0,
        "Book Price": -149.6
      }
    },
    {
      "quarter": "Q1 2016",
      "income status": {
        "Net sales": 44423,
        "Cost of goods sold": 95571,
        "Gross Profit": -51148,
        "Financial expenses": 40640,
        "Of which: Interest expense": 40627,
        "Cost of sales": 962,
        "Enterprise cost management": 5455,
        "Total Operating Expenses": 47057,
        "Total revenue financing activities": 39,
        "Net profit from business activities": -98167,
        "Profit": 3442,
        "Profit before tax": -94725,
        "Present corporate income tax expenses": 1,
        "Deferred income taxes expenses": "N/A",
        "The interests of minority shareholders": "N/A",
        "Total Cost of profits": 1,
        "Profit after tax corporate income": -94726,
        "Volume": 20056000,
        "Close of Quarter": 1,
        "EPS": -19119,
        "Non-adjusted EPS": -19119,
        "PE": -0.1,
        "Book Price": -144.8
      }
    },
    {
      "quarter": "Q3 2015",
      "income status": {
        "Net sales": 63664,
        "Cost of goods sold": 110752,
        "Gross Profit": -47087,
        "Financial expenses": 44946,
        "Of which: Interest expense": 44677,
        "Cost of sales": 3088,
        "Enterprise cost management": 5972,
        "Total Operating Expenses": 54006,
        "Total revenue financing activities": 153,
        "Net profit from business activities": -100940,
        "Profit": -527,
        "Profit before tax": -101468,
        "Present corporate income tax expenses": 49,
        "Deferred income taxes expenses": "N/A",
        "The interests of minority shareholders": "N/A",
        "Total Cost of profits": 49,
        "Profit after tax corporate income": -101516,
        "Volume": 20056000,
        "Close of Quarter": 1.1,
        "EPS": -18463,
        "Non-adjusted EPS": -18463,
        "PE": -0.1,
        "Book Price": "N/A"
      }
    },
    {
      "quarter": "Q2 2014",
      "income status": {
        "Net sales": 62735,
        "Cost of goods sold": 114961,
        "Gross Profit": -52226,
        "Financial expenses": 47623,
        "Of which: Interest expense": 47357,
        "Cost of sales": 2450,
        "Enterprise cost management": 4289,
        "Total Operating Expenses": 54362,
        "Total revenue financing activities": 188,
        "Net profit from business activities": -106400,
        "Profit": 1,
        "Profit before tax": -106399,
        "Present corporate income tax expenses": 26,
        "Deferred income taxes expenses": "N/A",
        "The interests of minority shareholders": "N/A",
        "Total Cost of profits": 26,
        "Profit after tax corporate income": -106425,
        "Volume": 20056000,
        "Close of Quarter": 1.6,
        "EPS": -15646,
        "Non-adjusted EPS": -15646,
        "PE": -0.1,
        "Book Price": -98.1
      }
    },
    {
      "quarter": "Q3 2013",
      "income status": {
        "Net sales": 70598,
        "Cost of goods sold": 131791,
        "Gross Profit": -61193,
        "Financial expenses": 14242,
        "Of which: Interest expense": 281,
        "Cost of sales": 889,
        "Enterprise cost management": 4625,
        "Total Operating Expenses": 19756,
        "Total revenue financing activities": 90,
        "Net profit from business activities": -80859,
        "Profit": 84,
        "Profit before tax": -80776,
        "Present corporate income tax expenses": 18,
        "Deferred income taxes expenses": "N/A",
        "The interests of minority shareholders": "N/A",
        "Total Cost of profits": 18,
        "Profit after tax corporate income": -80793,
        "Volume": 20056000,
        "Close of Quarter": 2,
        "EPS": -14146,
        "Non-adjusted EPS": -14146,
        "PE": -0.1,
        "Book Price": -35.9
      }
    },
    {
      "quarter": "Q2 2013",
      "income status": {
        "Net sales": 67683,
        "Cost of goods sold": 120139,
        "Gross Profit": -52456,
        "Financial expenses": 19974,
        "Of which: Interest expense": 727,
        "Cost of sales": 682,
        "Enterprise cost management": 12338,
        "Total Operating Expenses": 32994,
        "Total revenue financing activities": 214,
        "Net profit from business activities": -85235,
        "Profit": 3684,
        "Profit before tax": -81552,
        "Present corporate income tax expenses": 5,
        "Deferred income taxes expenses": "N/A",
        "The interests of minority shareholders": "N/A",
        "Total Cost of profits": 5,
        "Profit after tax corporate income": -81557,
        "Volume": 20056000,
        "Close of Quarter": 1.3,
        "EPS": -10117,
        "Non-adjusted EPS": -10117,
        "PE": -0.1,
        "Book Price": -31.9
      }
    },
    {
      "quarter": "Q1 2013",
      "income status": {
        "Net sales": 74763,
        "Cost of goods sold": 118745,
        "Gross Profit": -43982,
        "Financial expenses": 843,
        "Of which: Interest expense": 731,
        "Cost of sales": 663,
        "Enterprise cost management": 18764,
        "Total Operating Expenses": 20270,
        "Total revenue financing activities": 117,
        "Net profit from business activities": -64134,
        "Profit": 19107,
        "Profit before tax": -45027,
        "Present corporate income tax expenses": -9,
        "Deferred income taxes expenses": "N/A",
        "The interests of minority shareholders": "N/A",
        "Total Cost of profits": -9,
        "Profit after tax corporate income": -45018,
        "Volume": 20056000,
        "Close of Quarter": 1.8,
        "EPS": -6051,
        "Non-adjusted EPS": -6051,
        "PE": -0.3,
        "Book Price": "N/A"
      }
    },
    {
      "quarter": "Q2 2012",
      "income status": {
        "Net sales": 160917,
        "Cost of goods sold": 172253,
        "Gross Profit": -11336,
        "Financial expenses": 57911,
        "Of which: Interest expense": 57760,
        "Cost of sales": 721,
        "Enterprise cost management": 10665,
        "Total Operating Expenses": 69297,
        "Total revenue financing activities": 519,
        "Net profit from business activities": -80114,
        "Profit": 3796,
        "Profit before tax": -76318,
        "Present corporate income tax expenses": 18,
        "Deferred income taxes expenses": "N/A",
        "The interests of minority shareholders": "N/A",
        "Total Cost of profits": 18,
        "Profit after tax corporate income": -76336,
        "Volume": 20056000,
        "Close of Quarter": 2.5,
        "EPS": -3806,
        "Non-adjusted EPS": -3806,
        "PE": -0.7,
        "Book Price": "N/A"
      }
    }
  ]
}